4118 5960
1029 329 1250 395 -56-

376 493 472 558 1778.
493 495 658 556 incredibili
678 494 818 568 solertia,
839 501 907 552 tota
926 494 989 552 fere
1008 495 1106 574 publi·
1162 515 1315 576 nunquam
1336 515 1492 575 separare,
1517 493 1685 556 vocationis
1707 515 1782 558 snae
1803 495 1904 558 officia

374 607 429 646 cae
445 587 645 666 privataeque
660 585 849 644 instructioni
868 585 1020 664 impensa,
1044 593 1105 644 tra·
1163 606 1279 644 summa
1299 605 1417 664 semper
1433 605 1507 645 cura
1528 585 1715 646 adamussim
1736 587 1902 666 persolvit3

376 675 459 736 didit.
477 675 506 734 A
526 677 568 736 M.
584 676 731 735 Tbereaia
745 674 887 752 Augusta
903 674 941 734 ob
959 675 1106 734 excellen·
1163 695 1314 756 nunquam
1339 675 1390 734 ille
1417 686 1469 735 nut
1494 675 1619 736 Missam
1638 675 1750 749 dicere,
1774 687 1828 736 aut
1847 677 1902 736 bc·

375 777 437 826 tem
454 763 576 826 Ossiani
592 765 762 825 versionem
784 765 919 843 aliosque
939 765 1108 824 litterarior
1163 787 1213 825 ras
1235 766 1396 825 canonicas
1417 766 1547 825 recitare
1578 766 1752 841 intermisit;
1781 776 1901 846 postre-

376 855 498 916 laboras
515 857 581 933 jam
602 865 673 914 tuno
705 874 807 914 annua
826 852 895 916 300
924 855 1107 914 florenorum
1162 855 1218 916 mis
1235 875 1309 914 vero
1321 855 1408 914 annis
1418 855 1603 934 probitatem
1615 875 1700 914 suam
1711 855 1798 914 editis
1808 857 1902 916 etiarn

378 946 524 1025 pensione
532 945 661 1004 donatas
673 953 730 1004 est.
738 945 815 1003 Post
825 944 1040 1004 mortemdocti
1051 945 1110 1002 viri
1165 945 1303 1006 asceticis
1324 943 1477 1024 Operibus
1499 944 1654 1024 probavit.
1679 946 1824 1005 Ultimum
1848 945 1901 1006 de·

377 1035 506 1114 ·losephi
522 1034 636 1093 Khellii
646 1036 793 1114 inspectio
804 1033 933 1094 celebris
942 1034 1109 1094 Bibliothe-
1164 1037 1255 1116 nique
1271 1035 1488 1108 infirmitatem,
1512 1034 1569 1092 etsi
1590 1035 1723 1114 plurium
1744 1036 1902 1106 mensium,

376 1145 430 1185 cae
448 1125 643 1185 Gerelliauac
660 1125 810 1184 eicrcdita
825 1133 882 1198 est,
898 1125 928 1182 in
944 1145 1004 1204 qua
1020 1125 1111 1184 etiam
1166 1125 1312 1204 singulari
1327 1125 1476 1203 patientia
1493 1125 1573 1196 tulit,
1589 1135 1776 1204 mortemque
1787 1146 1901 1205 appro-

379 1214 472 1274 nebdi
483 1214 644 1293 juventuti
664 1214 703 1274 ad
726 1213 920 1274 abolitionem
940 1233 1036 1294 nsque
1056 1214 1111 1273 hu·
1166 1217 1376 1296 pinquantem,
1399 1215 1453 1274 88.
1472 1213 1818 1274 Sacramentiamaxima
1832 1235 1902 1274 curn

371 1306 424 1383 jue
442 1304 580 1382 Oollegii,
597 1324 765 1384 quaeauno
784 1301 880 1365 1784.
896 1305 1032 1382 contigit,
1053 1305 1111 1364 lac·
1168 1305 1377 1366 aedificatione
1393 1305 1558 1383 perceptis,
1582 1304 1704 1363 heroica
1722 1305 1903 1364 fertitudine

376 1396 476 1454 tiones
493 1415 532 1454 ex
547 1394 774 1474 Bibliograpbia
789 1403 820 1454 et
836 1394 975 1452 Historia
995 1395 1112 1454 littera·
1167 1396 1287 1474 excepit
1304 1393 1358 1454 29.
1377 1391 1565 1473 Septembris
1582 1393 1614 1452 S.
1632 1393 1769 1453 Patrono
1786 1415 1840 1454 sac
1851 1415 1903 1454 sa·

376 1486 420 1544 ria
437 1483 529 1544 dedit.
553 1483 626 1542 Jam
642 1503 720 1543 anno
739 1480 835 1545 1779.
856 1483 1111 1562 abImperatrice
1167 1505 1220 1544 cra
1245 1505 1296 1544 an.
1330 1480 1427 1544 1800.
1453 1493 1514 1542 aet.
1540 1480 1593 1544 71.
1619 1483 1722 1543 Tanta
1738 1487 1901 1562 veroejus

379 1573 578 1634 Oonailiarins
598 1572 770 1634 Caesareus
791 1575 979 1646 nominatus,
1003 1583 1111 1652 postea
1167 1573 1353 1646 aestimatio,
1381 1573 1432 1633 vel
1452 1572 1522 1631 dum
1542 1573 1675 1646 viveret,
1704 1575 1796 1634 etiam
1816 1573 1901 1654 apud

377 1665 467 1724 etiam
476 1665 556 1723 alter
566 1661 680 1724 Oustca
689 1664 898 1724 Bibliothecae
914 1662 1109 1734 Aulicae,an.
1166 1675 1288 1725 exteros
1304 1665 1370 1736 fuit,
1387 1673 1421 1721 nt
1431 1661 1532 1720 nullus
1543 1664 1799 1742 peregrinantium
1811 1684 1901 1742 prae-

379 1751 1110 1833 1791.primns,simulqucConciliarinaactualis
1167 1756 1270 1814 sertim
1294 1773 1333 1814 ex
1354 1752 1428 1812 orbe
1451 1751 1902 1826 litterato,Viennadiaccderet

380 1843 507 1903 Aulicus
524 1843 695 1923 aJesepho
711 1843 904 1922 H.Augusto
915 1853 1036 1903 creatus
1053 1851 1111 1902 eat.
1166 1845 1333 1905 insalutato
1349 1841 1485 1902 Denisio.

375 1934 448 1993 Fuit
467 1953 546 1992 unus
577 1933 691 1993 araris
714 1933 773 1993 illis
799 1933 885 2006 ciris,
909 1933 961 2012 qui
984 1953 1112 2010 magnos
1212 1933 1318 2014 Opera
1337 1933 1404 2010 ojus
1420 1932 1515 2008 juxta
1535 1929 1719 2010 (latalogum
1739 1931 1901 1992 chronolo-

376 2023 502 2102 spiritus
512 2022 600 2082 dotes
613 2043 681 2082 cum
689 2023 804 2083 virtute
821 2032 852 2082 et
868 2023 984 2102 pietate
995 2023 1111 2100 junxit.
1167 2025 1280 2103 gisum,
1304 2041 1393 2103 quem
1408 2023 1473 2100 ipse
1488 2023 1660 2097 conteruit3
1685 2031 1718 2082 et
1734 2041 1753 2080 a
1769 2041 1829 2102 quo
1849 2024 1901 2082 ias

376 2111 563 2172 Admiranda
584 2113 751 2192 praecipue
766 2114 796 2172 in
812 2133 849 2172 eo
870 2112 1032 2191 singularis
1051 2133 1111 2172 mc·
1167 2135 1229 2174 non
1245 2123 1292 2172 est
1307 2111 1462 2182 recedere,
1485 2109 1560 2170 haec
1580 2111 1691 2190 partim
1711 2111 1808 2171 latina
1827 2133 1900 2191 par-

377 2203 486 2275 moria,
515 2202 631 2282 pulchri
651 2211 752 2262 corruo
778 2222 898 2278 sensus,
927 2213 958 2262 et
978 2203 1107 2262 facilitas
1167 2205 1221 2264 tim
1236 2201 1410 2281 germanica
1426 2209 1511 2258 aunt:

377 2291 538 2370 peculiaris
558 2293 588 2350 in
608 2293 764 2352 condendo
786 2293 882 2352 omnis
902 2293 1025 2371 generis
1042 2311 1107 2351 car-
1162 2295 1311 2354 l'oemata
1328 2289 1458 2350 Oasiani.
1470 2289 1561 2348 Tomi
1570 2289 1630 2348 111.
1641 2290 1779 2352 Viennae
1790 2291 1898 2350 'Pratt-

377 2382 456 2440 mine
472 2401 526 2441 seu
542 2381 637 2442 latino
654 2402 709 2442 seu
724 2383 896 2460 germanico
917 2384 982 2441 fuit.
1005 2383 1106 2442 Hora·
1207 2403 1262 2443 nor
1280 2378 1376 2442 1768.
1393 2389 1425 2440 ct
1442 2377 1495 2440 69.
1513 2377 1545 2438 8.
1569 2381 1752 2457 germanice.

378 2470 454 2530 tium
470 2491 548 2551 pene
564 2473 714 2549 integrum
729 2473 876 2531 momoria
891 2473 996 2544 tenuit,
1014 2471 1105 2531 etdu·
1163 2473 1308 2534 Carmina
1339 2470 1432 2530 Sined
1456 2469 1550 2528 Bardi
1584 2472 1707 2548 (nomen
1734 2471 1801 2547 ejus
1822 2491 1897 2530 aua·

378 2559 459 2618 bium
475 2561 651 2640 quodvisde
662 2561 821 2639 cujusdam
837 2561 977 2641 syllabae
991 2562 1107 2622 latinae
1207 2560 1459 2642 grammaticum).
1477 2559 1613 2619 Viennae
1633 2557 1732 2622 1772.
1750 2557 1780 2620 8.
1801 2579 1898 2638 germ.

379 2651 551 2729 quantitate
568 2651 752 2729 allegatione
767 2651 1021 2731 lecieScriptore
1036 2651 1113 2710 clas·
1167 2654 1299 2712 Fructus
1310 2651 1481 2729 juventutis
1499 2648 1627 2726 collegii
1644 2649 1823 2709 Therasiani
1840 2651 1899 2728 (la-

379 2741 442 2798 sico
467 2740 603 2800 sustulit.
637 2741 809 2801 Excellenti
845 2761 919 2800 suae
950 2741 1114 2802 memoriae
1213 2742 1304 2803 borea
1320 2739 1537 2820 discipulorum
1553 2740 1620 2816 ejus
1636 2761 1730 2819 prosa
1745 2740 1900 2818 etversu).

380 2831 472 2890 etiam
488 2849 629 2908 magnam
645 2831 860 2890 dexteritatem
877 2832 907 2891 in
929 2831 1114 2892 addiscendis
1214 2832 1331 2890 Tomus
1363 2830 1389 2888 I.
1420 2837 1452 2888 et
1483 2828 1541 2887 111.
1566 2829 1703 2890 Viennae
1733 2829 1901 2890 Kurabeclr

379 2919 545 2999 peregrinis
565 2921 677 3000 linguis
703 2919 820 2980 debuit:
847 2930 971 3001 praeter
995 2941 1113 3000 germa-
1216 2917 1313 2983 1771.
1330 2929 1361 2979 et
1379 2916 1432 2980 73.
1449 2915 1479 2978 8.
1496 2937 1591 2995 germ.

378 3009 476 3069 nicam
492 3009 569 3070 enim
586 3021 617 3071 at
631 3012 757 3072 latinam
773 3012 864 3072 etiam
884 3031 1040 3091 graecam,
1063 3012 1113 3072 he·
1169 3011 1361 3093 specificatio
1386 3009 1584 3089 systematico
1610 3007 1814 3089 Papillionnm
1843 3009 1901 3068 cir-

379 3099 526 3174 braicam,
555 3101 720 3181 anglicam,
748 3101 888 3179 gallicam
919 3109 949 3160 et
980 3101 1113 3162 italicam
1215 3121 1281 3160 curn
1297 3099 1447 3159 Viennam
1463 3107 1654 3176 repertorum
1671 3100 1811 3177 (junctim
1832 3119 1901 3158 cnm

362 3185 499 3268 'penitas
514 3190 630 3250 calluit.
655 3189 822 3250 Traductio
839 3189 961 3250 Ossiani
977 3199 1009 3249 et
1025 3189 1112 3249 Odae
1212 3189 1249 3249 P.
1286 3187 1535 3266 Schiffermillcr).
1575 3188 1713 3249 Viennae
1751 3187 1901 3249 Bernardi

372 3279 460 3356 ejus,
489 3287 524 3338 nt
545 3290 577 3338 et
598 3289 723 3339 caetera
742 3277 860 3358 Opera,
885 3298 962 3358 qnae
984 3279 1111 3358 cumpri-
1213 3277 1310 3341 1776.
1327 3277 1359 3340 4.
1383 3299 1479 3356 germ.

377 3369 432 3426 mia
447 3387 589 3446 magnam
605 3369 672 3445 ejus
687 3369 718 3428 in
733 3369 871 3428 Historia
881 3368 1112 3427 litterariacru·
1166 3369 1359 3430 Introductic
1391 3366 1430 3426 ad
1467 3365 1681 3444 Cognitionem
1723 3368 1900 3428 Librorum.

377 3456 520 3517 ditionem
546 3466 713 3534 testantur,
736 3458 936 3518 immortalem
962 3458 991 3516 ei
1016 3458 1111 3517 nomi-
1211 3459 1289 3518 Pars
1304 3458 1329 3517 I.
1347 3456 1586 3536 Bibliographia.
1602 3456 1682 3516 Pars
1698 3458 1741 3518 11.
1759 3458 1902 3518 Historia

376 3546 423 3606 nis
439 3547 568 3625 gloriam
589 3548 723 3626 pariunt.
747 3548 819 3606 Non
844 3545 1038 3630 admirandae
1059 3547 1111 3607 rni-
1210 3547 1386 3609 Litteraria.
1415 3545 1551 3605 Viennae
1577 3546 1727 3606 Trattner
1749 3545 1845 3609 1778.
1866 3544 1902 3608 4.

377 3655 434 3696 nus
450 3637 482 3694 in
498 3655 535 3696 eo
559 3636 646 3696 dotes
663 3637 751 3696 animi
768 3657 858 3718 quam
884 3637 998 3715 ingenii
1016 3639 1110 3697 fuere.
1210 3638 1312 3697 Aucta
1334 3635 1583 3695 adnotationibus
1606 3637 1717 3714 Bingii.
1745 3638 1834 3697 Tomi
1856 3638 1902 3696 11.

378 3725 815 3806 Eminuitaingulariscomitaa
830 3728 1109 3808 etsnavitas,quae
1212 3723 1310 3788 1782.
1332 3723 1363 3786 4.
1384 3745 1479 3804 germ.
1499 3759 1547 3772 -
1566 3726 1718 3785 Extracta
1738 3727 1849 3804 gallica
1869 3727 1901 3786 in

378 3815 509 3876 omnium
524 3817 553 3876 ei
567 3825 632 3876 tum
648 3817 812 3877 amicornm
822 3816 1109 3898 tumdiscipulornm
1209 3817 1315 3896 Hsprit
1330 3816 1383 3876 dea
1399 3815 1421 3876 J
1424 3835 1563 3874 curnaux
1582 3813 1679 3876 1779.
1697 3825 1728 3876 et
1750 3813 1803 3878 80.

376 3925 509 3966 amorem
526 3905 707 3980 conciliavit,
732 3927 882 3988 quamque
898 3907 955 3987 ipsi
971 3909 1038 3986 ejus
1055 3906 1108 3966 do·
1163 3907 1336 3968 Memoratu
1351 3906 1443 3984 digna
1458 3905 1666 3966 Bibliothecae
1677 3905 1818 3983 publicae
1836 3906 1899 3966 Ga·

376 3997 492 4054 mestici
511 3997 631 4076 experti
651 4005 731 4056 snut.
761 3995 821 4058 Sed
847 3997 914 4075 ejus
939 3998 971 4056 in
995 3997 1109 4056 amicos
1208 3997 1364 4056 rellianae.
1394 3995 1506 4054 Partes
1526 3995 1569 4053 11.
1591 3996 1727 4056 Viennae
1748 3996 1901 4056 Bernardi

376 4105 438 4144 non
462 4087 562 4146 minor
587 4087 758 4147 teneritudo
786 4087 856 4159 fuit,
885 4107 975 4166 qnam
1000 4087 1108 4146 testari
1210 4085 1307 4148 1780.
1338 4083 1370 4146 4.
1396 4083 1610 4144 Praemittitur
1635 4085 1805 4162 Oatalogus
1837 4105 1901 4146 om-

376 4177 558 4253 cumprimns
580 4177 617 4235 P.
648 4177 830 4236 Franciscua
864 4177 981 4236 Xaver.
1013 4176 1107 4235 Witt·
1207 4178 1291 4236 nium
1313 4174 1501 4254 Scriptorum
1522 4173 1713 4252 in-Oollcgio
1735 4175 1900 4236 Therasia-

376 4283 481 4338 mann,
520 4265 732 4344 inseparabilis
763 4266 830 4342 ejus
868 4285 966 4325 comes
997 4267 1108 4345 potuit;
1208 4286 1248 4325 no
1265 4264 1425 4324 editorum.
1441 4283 1535 4340 germ.

377 4373 473 4433 aeque
490 4355 616 4414 affectus
634 4353 780 4414 Societati
795 4355 860 4428 luit,
876 4356 908 4414 in
923 4374 983 4435 qua
994 4353 1038 4417 26
1055 4375 1107 4414 an·
1164 4353 1303 4416 Historia
1328 4351 1568 4431 Typegraphiae
1594 4354 1777 4414 Viennensis
1803 4375 1901 4434 nsque

375 4443 1108 4526 nisvixit,cnivolinbrevisuoEpitaphioeidem
1209 4441 1249 4504 ad
1281 4461 1393 4502 anunm
1426 4437 1522 4501 1560.
1546 4441 1656 4502 Partes
1681 4442 1723 4504 H.
1757 4445 1901 4504 Viennae

374 4534 509 4593 confecto
531 4533 734 4594 testimonium
752 4534 829 4608 tulit,
845 4535 973 4594 multum
989 4555 1022 4594 se
1038 4535 1110 4594 boni
1209 4532 1360 4612 Wappler
1379 4527 1475 4592 1782.
1491 4529 1523 4590 4.
1539 4553 1635 4609 germ.

374 4623 403 4682 in
420 4643 457 4682 ea
466 4623 604 4682 didicisse
615 4633 646 4682 et
656 4623 839 4704 percepisse.
852 4624 1025 4684 Universim
1035 4643 1109 4682 vero
1164 4621 1286 4684 Relatio
1309 4621 1595 4681 Controuersiarum
1616 4623 1653 4681 de
1677 4623 1809 4702 antiquis
1835 4623 1902 4683 Do-

372 4711 505 4772 cbaritas
521 4714 587 4790 ejus
603 4722 665 4772 tam
687 4713 817 4774 delicata
826 4715 896 4787 fnit,
920 4723 954 4772 ut
978 4712 1027 4772 vel
1048 4731 1108 4772 ma·
1211 4713 1368 4770 cementis.
1385 4710 1556 4783 Manbemii,
1572 4711 1765 4772 Francofurti
1781 4721 1813 4772 et
1829 4713 1903 4792 Lip-

372 4803 497 4862 moriam
513 4803 666 4862 infortunii
686 4824 747 4864 non
770 4805 874 4876 ferret,
906 4803 978 4882 quin
993 4811 1025 4862 ot
1046 4802 1109 4860 ani·
1210 4802 1272 4861 siae
1291 4799 1388 4862 1783.
1407 4799 1438 4861 8.
1455 4820 1551 4878 genn.

370 4891 492 4952 maleuli
512 4893 656 4972 patientis
681 4895 885 4954 misereretur.
908 4892 965 4952 lIis
986 4889 1108 4952 dotibus
1164 4891 1313 4952 Poemata
1330 4889 1452 4950 Ossiani
1469 4899 1500 4950 et
1516 4890 1627 4950 b'inedi.
1644 4892 1747 4952 Editio
1765 4891 1808 4950 11.
1826 4891 1903 4950 mul·

370 5001 474 5041 veram
495 4983 638 5044 virtutem
654 4993 685 5043 et
701 4985 848 5064 pietatem
859 4982 976 5060 junxit,
1000 4981 1031 5039 in
1052 4980 1108 5040 So·
1210 4992 1273 5040 tum
1290 4991 1391 5039 aucta.
1417 4979 1506 5038 Tomi
1524 4980 1560 5039 V.
1581 4981 1720 5042 Viennae
1736 4981 1901 5060 Wappler.

369 5072 478 5132 cietatc
506 5072 645 5146 edoctus,
669 5073 723 5134 bos
754 5093 773 5132 a
802 5073 973 5132 litterarmn
1005 5069 1106 5130 studio
1211 5067 1530 5148 1781836161-
1551 5072 1624 5130 Aac.
1645 5070 1901 5132 Additamentnm
