3990 5950
1021 345 1244 416 ...74-

418 517 527 598 speoie..
551 518 688 579 Viennae
709 515 800 596 anp.
822 515 942 577 Schmid
960 511 1057 579 1747.
1075 527 1106 576 et
1206 513 1347 580 asela
1363 513 1592 586 innocen-runs,
1618 512 1800 584 Germanus,
1822 509 1892 572 Oar-

418 605 472 670 48.
491 605 520 670 8.
1161 607 1258 667 niolns
1279 603 1478 676 Labacensis,
1510 603 1698 682 Theologiae
1719 603 1748 662 in
1769 601 1893 661 alterum

563 729 636 782 (aaa
650 735 670 769 a
684 729 762 780 aaa.
776 729 837 768 aa.
851 729 917 768 aaa.
930 726 980 766 mr.
994 723 1094 778 cansa.)
1164 715 1273 756 annum
1289 693 1412 754 studens
1431 691 1527 756 1715.
1548 695 1578 752 iu
1595 693 1774 754 Societatem
1789 691 1894 752 admn-

1165 805 1227 858 aas,
1235 783 1364 863 repetita
1373 784 1509 843 Viennae
1515 783 1681 862 Theologia
1698 783 1728 842 in
1742 783 1895 860 Parugna·

421 875 817 950 amnesamnes,
842 874 1020 947 Germanus,
1051 873 1108 932 La·
1165 877 1237 936 riam
1255 873 1336 947 abiit,
1353 873 1405 932 ubi
1421 872 1460 932 ab
1476 895 1524 934 an.
1544 870 1692 935 172640
1714 870 1894 949 anuisimpi-

375 969 442 1026 baci
456 968 487 1026 in
503 967 654 1027 Cantiolia
670 963 724 1026 20.
742 967 814 1044 Maji
833 961 929 1026 1718.
954 973 1057 1036 uatus,
1079 973 1110 1022 et
1164 985 1250 1043 grum
1272 963 1493 1024 hiissiouarinm
1509 965 1585 1042 egit,
1610 972 1641 1023 et
1670 958 1766 1024 1766.
1787 961 1896 1022 ibidem

375 1065 434 1116 aet.
453 1054 503 1118 16.
521 1057 702 1116 Societatem
717 1057 885 1136 ingressus,
916 1051 939 1114 4
955 1061 1026 1112 vota
1041 1073 1109 1132 pro·
1165 1063 1211 1114 est
1227 1063 1372 1112 mortuns.

374 1147 484 1219 lessus,
509 1147 623 1206 Labaci
639 1147 724 1206 annis
742 1143 761 1207 8
778 1143 990 1222 Philosophiae
1006 1161 1109 1201 omnes
1232 1143 1289 1204 Est
1313 1143 1393 1221 ejus:

373 1243 476 1315 partes
487 1235 710 1310 docuit,tumin
720 1235 855 1314 Collegio
866 1233 1020 1294 Nobilium
1029 1232 1108 1292 The·
1164 1233 1302 1313 Epistola
1332 1229 1452 1311 Hispali
1481 1231 1511 1292 in
1536 1232 1687 1311 Hispania
1720 1225 1772 1293 15.
1805 1227 1896 1290 Febr.

373 1327 492 1386 rasiano
513 1326 650 1386 Viennae
670 1321 854 1398 Praefectus,
886 1323 954 1383 dein
985 1331 1048 1382 tam
1078 1321 1108 1380 in
1211 1319 1308 1396 1727,
1340 1343 1406 1382 cnm
1428 1343 1487 1401 qna
1510 1321 1654 1382 Chartam
1674 1341 1783 1379 novam
1804 1319 1896 1378 Para·

373 1415 431 1474 hac
447 1413 535 1474 domo
552 1435 640 1494 quarn
655 1416 685 1474 in
701 1415 788 1474 domo
803 1412 1107 1495 professaBihliothe·
1206 1413 1340 1492 guarine,
1372 1413 1402 1471 in
1427 1432 1486 1492 qna
1507 1431 1610 1471 omnes
1630 1411 1790 1469 Missiones
1810 1419 1896 1468 nota-

375 1503 473 1564 carius
505 1513 535 1564 et
565 1504 852 1584 Historiographns,
885 1502 1001 1563 damam
1034 1501 1107 1561 obiit
1207 1511 1265 1574 tae,
1282 1503 1466 1562 transmittit.
1492 1537 1534 1548 —
1558 1501 1729 1579 germanico
1744 1500 1774 1558 in
1790 1499 1897 1560 Stich-

375 1593 500 1654 Oremsii
518 1591 613 1656 1773.
631 1603 689 1654 set.
704 1591 757 1656 55.
1205 1593 1276 1652 lein.
1301 1593 1392 1651 Parte
1408 1591 1496 1655 XIV.
1512 1611 1543 1650 n.
1560 1588 1637 1652 334.

441 1682 543 1742 Edidit
558 1684 663 1743 latine:

374 1773 490 1832 Notitis
512 1772 634 1832 illustris
658 1773 756 1851 Regni
787 1771 950 1832 Bohemiae
973 1771 1107 1850 Scripto·
1207 1770 1410 1834 nnuma
1422 1767 1599 1842 dossennus,
1612 1768 1789 1842 (iernranus,
1806 1769 1898 1828 Vien-

417 1882 484 1921 rum
504 1862 705 1941 geographica
729 1871 760 1922 et
783 1861 1019 1942 chorographics
1047 1861 1106 1920 col·
1162 1879 1219 1920 nae
1240 1861 1383 1920 Austriae
1405 1855 1435 1920 8.
1458 1857 1527 1919 Oct.
1554 1857 1651 1920 1736.
1683 1867 1786 1930 natus,
1818 1879 1898 1918 anno

418 1953 507 2010 lecta.
528 1953 605 2012 Pars
628 1953 654 2011 I.
676 1935 992 2012 ViennaeEnrahcck
1012 1947 1106 2012 1761.
1165 1947 1261 2011 1755.
1278 1952 1309 2008 in
1326 1950 1507 2010 Societatem
1527 1959 1683 2029 receptus,
1715 1949 1745 2006 in
1762 1948 1899 2026 (tallagio

418 2041 469 2099 fol.
493 2062 559 2100 cum
579 2062 689 2121 mappa
708 2041 841 2120 generali
861 2039 1031 2114 Bohemiaa,
1066 2038 1107 2101 12
1163 2041 1349 2100 'I'hcresiemo
1371 2039 1507 2098 Viennae
1529 2039 1568 2098 ab
1599 2059 1679 2098 anno
1715 2034 1810 2099 1767.
1845 2037 1899 2100 16.

420 2131 600 2208 specialibus
637 2132 822 2210 singulorum
854 2131 1041 2191 Circulorum
1078 2139 1109 2190 et
1163 2130 1246 2189 annis
1262 2129 1451 2189 Praefectum
1467 2129 1715 2189 etProfessorcm
1727 2127 1901 2188 inferiorum

419 2220 586 2298 Prospectu
604 2221 730 2300 Collegii
747 2222 937 2281 Theresiani.
1162 2219 1333 2278 Latinitatis
1350 2219 1489 2278 classium
1506 2219 1580 2298 egit,
1602 2239 1638 2278 ac
1660 2219 1778 2278 demum
1800 2219 1901 2296 priva-

375 2307 476 2370 Caroli
492 2310 627 2370 Andriau
643 2313 674 2370 S.
691 2310 723 2370 J.
744 2311 888 2391 Epochae
909 2311 1107 2390 Hahspurgo-
1163 2319 1211 2368 tus
1229 2309 1304 2369 obiit
1320 2309 1464 2368 Viennae.

418 2399 605 2475 Austriacae,
622 2401 813 2461 continuatae
830 2401 868 2460 ad
884 2421 994 2460 aunum
1009 2397 1107 2461 1740.
1232 2399 1358 2478 Scripsit
1381 2398 1491 2458 latine:

419 2489 587 2570 tabulisque
612 2491 813 2570 genealogicis
833 2499 949 2550 auctae.
973 2490 1108 2550 Viennae
1162 2489 1331 2567 Epicadion
1350 2490 1380 2548 in
1402 2497 1529 2548 mortam
1558 2489 1601 2547 M.
1624 2487 1791 2546 'Pheresiae
1817 2489 1902 2566 Aug.

419 2578 584 2638 Knrzbeck
603 2577 699 2642 1762.
717 2577 770 2640 84.
1209 2580 1344 2638 Viennae
1363 2573 1459 2639 1780.
1476 2574 1508 2638 4.

374 2665 544 2728 adornavit
564 2670 652 2730 otiam
669 2669 793 2730 similem
808 2667 989 2730 Bohemicae
1004 2669 1107 2728 Histo-
1163 2668 1271 2746 Elegia
1286 2667 1324 2728 ad
1339 2667 1494 2727 Austriam
1514 2677 1584 2746 post
1605 2677 1731 2726 mortam
1754 2667 1795 2726 bl.
1818 2667 1903 2726 'l'lre-

419 2759 493 2816 riam
516 2757 699 2832 Carnioliae,
724 2779 812 2840 qnam
833 2768 931 2820 manen
954 2759 1106 2840 imperfec-
1208 2759 1305 2818 resiae
1329 2758 1410 2835 Aug.
1432 2777 1498 2817 cum
1520 2757 1721 2835 inscriptione
1742 2757 1905 2835 Sepulchri

419 2855 480 2906 tam
500 2848 628 2928 reliquit.
1208 2848 1239 2906 in
1269 2847 1478 2925 parentatione
1506 2845 1645 2906 Civitatis
1672 2845 1805 2906 Vindob.
1833 2848 1904 2906 lbd.

374 2935 409 2995 In
425 2937 613 2998 Bibliotheca
629 2937 781 2998 Caesarea
796 2937 967 2998 Vindobon.
983 2940 1015 2996 in
1031 2937 1107 2997 Msc.
1211 2933 1308 2998 1781.
1326 2938 1375 2997 fol.

417 3047 447 3086 n.
464 3024 540 3090 975.
575 3038 713 3088 servatur
734 3047 812 3108 opus
837 3028 875 3088 ab
892 3047 927 3087 eo
943 3028 1109 3108 perfectum
1233 3025 1433 3086 Germanice:

417 3117 447 3176 in
471 3117 521 3176 iol.
542 3119 590 3176 cui
613 3117 732 3177 titulus:
1165 3115 1277 3177 Concio
1293 3116 1330 3176 de
1346 3117 1517 3176 imitatione
1534 3114 1612 3174 Jesn
1629 3113 1749 3175 Christi.
1762 3116 1907 3176 Viennae

372 3202 525 3286 Anonymi
564 3207 595 3266 S.
636 3207 668 3266 J.
707 3205 886 3286 Presbyteri
929 3205 1108 3266 Provinciae
1212 3203 1309 3268 1793.
1327 3203 1357 3266 8.

418 3294 524 3355 Austr.
549 3296 699 3374 Theologi
718 3297 780 3356 Res
803 3304 908 3372 gestae
931 3314 966 3353 ac
989 3295 1108 3374 Scripta
1163 3293 1424 3356 considerationes
1444 3314 1499 3374 pro
1521 3293 1658 3354 omnibus
1674 3293 1844 3354 bominibus
1864 3297 1905 3355 de

417 3385 558 3444 Virorum
580 3384 612 3444 S.
629 3385 662 3444 J.
678 3385 858 3445 Provinciae
874 3384 979 3444 Austr.
1002 3384 1041 3444 ab
1058 3405 1105 3444 an.
1206 3385 1440 3446 Resurrectione
1472 3385 1569 3442 carnis
1601 3392 1631 3442 et
1656 3382 1777 3444 Jndicio
1806 3407 1907 3466 super

421 3471 518 3533 1551.
535 3474 573 3533 ad
591 3471 688 3536 1764.
705 3493 775 3554 pag.
791 3469 868 3534 484.
1206 3475 1293 3534 vivos
1310 3485 1341 3534 et
1356 3482 1502 3533 mortuos.
1519 3472 1585 3533 Ibd.
1605 3469 1702 3534 1801.
1722 3469 1752 3534 8.

509 3591 1079 3647 (ratumagum,p„„gmf‚1.„,1,p„·.s„f,)
1159 3563 1332 3644 AnlqullaS
1354 3571 1385 3622 ei
1405 3562 1565 3643 Exposlilo
1591 3561 1852 3624 consuetudinum
1873 3581 1906 3626 01

1205 3652 1452 3714 ceremoniarum
1467 3653 1497 3712 in
1509 3652 1646 3712 Ecclesia
1663 3651 1834 3714 Christiana
1853 3676 1906 3714 or-

417 3735 556 3802 EEBEB
573 3738 753 3815 Gnosems,
779 3739 964 3814 Germanus,
982 3739 1104 3801 Oarnio-
1205 3741 1275 3802 dine
1291 3742 1480 3823 alphabetico
1491 3741 1529 3802 ab
1542 3742 1801 3820 initioReligionis
1812 3743 1906 3804 Chri·

371 3825 418 3884 lus
436 3825 684 3890 Gottscheveusis
701 3831 793 3890 nobili
809 3831 919 3892 familia
943 3827 996 3892 20.
1020 3831 1103 3910 Sept.
1205 3832 1320 3892 stianae
1337 3851 1433 3912 usqua
1450 3831 1488 3892 ad
1505 3831 1664 3892 Saeculum
1675 3832 1907 3894 1171117105-

375 3913 470 3979 1660.
488 3927 580 3992 ortus,
597 3930 655 3980 aet.
676 3917 726 3982 18.
744 3921 887 3982 Societati
902 3923 1048 3992 insertus,
1074 3931 1105 3980 et
1205 3942 1261 3982 rrae
1280 3919 1376 3982 1805.
1394 3917 1425 3982 8.

372 4001 393 4066 4
414 4016 486 4066 vota
510 4010 677 4086 professus,
715 4019 778 4070 tum
804 4011 1016 4090 Philosophiae
1041 4019 1104 4070 mm

371 4095 555 4175 Theologiae
573 4097 709 4159 diversas
733 4099 988 4180 partesGoritiae,
1008 4100 1104 4160 Lincii
1203 4099 1339 4163 EENST
1356 4101 1594 4172 Pannruannus,
1611 4099 1789 4172 Germanus,
1804 4100 1905 4162 Vien-

371 4193 402 4242 et
417 4185 553 4244 Passavii
576 4186 712 4265 pluribus
737 4191 822 4250 annis
844 4189 954 4250 docuit.
985 4189 1102 4249 Missio-
1158 4209 1215 4249 naa
1234 4190 1378 4250 Austriae
1400 4185 1451 4252 12.
1474 4189 1557 4267 Sept.
1582 4186 1679 4251 1683.
1699 4198 1800 4264 natus,
1822 4211 1842 4250 a
1869 4193 1905 4252 S.

367 4291 435 4332 nem
455 4273 588 4334 Indicam
609 4279 752 4357 primum,
776 4287 838 4340 tum
860 4289 945 4358 peste
966 4280 996 4338 in
1016 4277 1101 4338 Hun-
1156 4279 1304 4358 Aloysio,
1321 4281 1406 4357 cujus
1423 4280 1583 4358 singrdaris
1599 4280 1733 4338 imitator
1748 4290 1779 4340 et
1796 4282 1908 4342 cultor

364 4363 450 4439 geria
467 4375 623 4440 grassante
641 4371 749 4447 exponi
765 4369 914 4430 incassum
928 4369 1025 4448 petiit.
1041 4367 1101 4428 Bu·
1156 4388 1175 4427 a
1190 4388 1285 4448 puero
1302 4370 1365 4442 huit,
1382 4370 1412 4428 in
1428 4370 1610 4430 Societatem
1626 4377 1752 4428 vocatus
1766 4369 1906 4431 eandem

368 4450 426 4510 dae
442 4450 560 4513 demum
575 4455 699 4532 Rector,
721 4459 806 4518 militi
826 4457 1004 4518 moribundo
1028 4459 1100 4517 assi·
1156 4458 1236 4532 adiit,
1252 4459 1421 4518 reluctante
1442 4459 1642 4540 nequidquam
1663 4468 1805 4538 parente,
1844 4461 1906 4522 15.

365 4549 458 4613 stans,
482 4543 561 4603 lnam
577 4549 739 4622 contraxit,
757 4569 792 4608 ac
809 4549 930 4608 victima
945 4547 1098 4608 charitatis
1155 4545 1224 4607 Oct.
1245 4545 1340 4609 1698.
1373 4558 1404 4608 et
1426 4546 1448 4611 4
1467 4559 1541 4607 vota
1562 4549 1729 4628 professus,
1755 4569 1823 4608 cnm
1842 4553 1905 4611 ali-

365 4629 438 4689 obiit
454 4627 507 4692 25.
524 4633 596 4712 Maji
614 4633 710 4698 1715.
728 4647 787 4698 aet.
804 4635 858 4698 45.
1154 4646 1229 4716 quot
1245 4639 1329 4697 annis
1345 4633 1567 4712 humanitatem,
1600 4639 1631 4696 iu
1655 4658 1714 4718 qna
1739 4639 1906 4707 excelluit.

430 4719 532 4781 Edidit
552 4724 661 4784 latine:
1154 4724 1273 4786 Graecii
1290 4727 1460 4800 docuisset,
1484 4729 1620 4788 Viennae
1642 4729 1672 4788 in
1696 4727 1797 4786 Domo
1820 4749 1904 4808 pro-

361 4807 535 4871 Fasciculus
574 4815 771 4874 Rubricarum
811 4815 966 4894 utriusque
1000 4815 1094 4874 Juris.
1151 4816 1231 4875 fessa
1248 4815 1441 4877 Catcchetam
1461 4826 1491 4877 ct
1507 4815 1686 4896 Opcrarium
1707 4817 1905 4881 hrdcfessuuu

405 4899 501 4958 Lincii
518 4901 569 4962 Jo.
586 4903 762 4984 Ritdlmayr.
782 4901 877 4966 1713.
894 4901 925 4964 4.
1151 4925 1207 4965 noc
1231 4907 1328 4965 minus
1353 4907 1498 4966 fervidum
1522 4907 1771 4966 Concionatorern
1793 4908 1905 4970 diver-

360 4987 1094 5072 Discursusdslegumacccptatione.ib.1713.4.
1151 4995 1192 5053 sis
1209 4996 1238 5054 in
1256 4995 1329 5054 locis
1347 4998 1409 5072 egit
1426 5017 1460 5056 ac
1476 4997 1593 5056 demum
1610 4997 1659 5074 pie
1671 4995 1745 5056 obiit
1753 4997 1906 5061 Viennae

697 5114 770 5161 (6,...
786 5121 804 5152 ,.
820 5115 898 5164 amp,
913 5113 974 5152 pm,
989 5115 1068 5166 mh]
1153 5084 1182 5142 in
1199 5085 1298 5142 Domo
1315 5085 1442 5145 Annaea
1465 5083 1517 5146 18.
1540 5085 1607 5145 Oct.
1632 5083 1727 5147 1724.
1753 5097 1815 5148 act.
1838 5089 1906 5152 41.
