3990 5950
742 439 785 450 .-
831 400 874 465 99
919 437 963 450 ..

926 565 1126 630 1110174611
1149 566 1344 640 Succusana,
1368 535 1480 628 Oroata
1495 565 1606 628 Varos-

99 567 257 647 Ejnsdem:
274 567 457 629 Dissertatio
474 567 510 628 de
527 566 636 628 riribu
644 567 731 627 vivis.
748 567 824 628 Ibid.

144 655 244 720 1752.
264 657 294 720 8.
391 681 393 688 ·

161 749 272 809 Edidit
287 750 396 810 latinae

99 839 289 900 introductio
305 842 335 901 in
352 840 458 900 Artem
474 837 704 920 diplomaticam.

677 961 802 1014 (estanar.)

139 1091 459 1158 cenassemus
496 1089 673 1164 00000000,
705 1089 827 1150 Germa-

99 1204 161 1257 nus,
180 1185 222 1243 ad
240 1183 273 1244 S.
290 1183 378 1245 Pauli
395 1177 826 1244 inCarintbial.Jan.1661.

98 1287 205 1348 natus,
237 1283 270 1335 01
299 1280 359 1334 aet.
391 1270 441 1334 19.
463 1273 642 1334 Societatem
661 1273 827 1352 ingressus,

100 1363 120 1426 4
137 1375 216 1424 vota
240 1367 396 1445 professus
417 1375 448 1424 01
469 1365 679 1444 Philosophiae
700 1364 826 1437 Ductor,

100 1455 225 1516 eandem
247 1455 387 1516 Viennae
408 1453 520 1514 docuit.
545 1455 605 1515 Sed
624 1475 693 1515 mox
719 1453 826 1513 Socins

101 1547 241 1625 Magistri
274 1546 478 1620 Novitiorum,
507 1563 542 1606 ac
571 1545 657 1606 subin
678 1545 827 1624 Magister

101 1639 162 1716 ipse
179 1645 211 1697 01
229 1636 363 1716 Collegii
377 1635 496 1696 Annaei
510 1638 639 1710 Rector,
662 1637 755 1696 officio
771 1635 828 1694 hoc

101 1727 136 1787 ad
150 1736 284 1787 mortem
307 1747 401 1808 usque
420 1727 538 1786 functus
561 1737 619 1800 est,
643 1727 827 1786 novellorum

102 1817 331 1897 Religiosorum
359 1818 389 1876 in
413 1818 466 1877 via
490 1818 677 1897 perfectionis
703 1837 773 1878 vere
797 1823 828 1876 et

104 1907 208 1968 ductor
227 1915 265 1968 et
282 1907 449 1986 exemplar.
460 1909 603 1968 Extruxit
616 1910 707 1968 etiam
720 1927 831 1967 novam

103 1997 292 2072 Ecclesiam,
314 1998 375 2058 Dei
399 1997 599 2058 Eucharistici
623 2008 684 2058 tam
704 2000 830 2058 eximius

105 2089 215 2160 cultor,
243 2097 280 2148 at
301 2088 441 2147 noctibas
463 2088 588 2167 singulis
615 2089 653 2148 ad
674 2109 741 2148 eum
761 2088 831 2148 ado·

107 2179 230 2238 randum
250 2181 426 2238 surrexerit.
450 2177 532 2238 Obiit
550 2181 581 2238 in
591 2177 688 2238 Domo
705 2181 833 2239 Annaea

107 2271 242 2329 Viennae
261 2267 292 2329 4.
308 2269 385 2348 Apr.
404 2266 500 2330 1708.
517 2279 576 2330 aet.
593 2267 646 2332 47.

168 2357 281 2418 Edidit
296 2359 407 2419 latine:

108 2450 257 2530 Leopoldi
273 2449 375 2528 Magni
397 2447 535 2509 Caesada
556 2450 739 2510 invictissimi
763 2449 833 2510 Vic·

148 2541 250 2600 toriae
281 2541 461 2620 praecipuae
493 2541 531 2599 ab
563 2560 640 2600 anno
673 2537 769 2603 1683.
796 2539 835 2599 ad

152 2629 255 2693 1697.
279 2630 422 2690 adversus
450 2631 566 2690 'Purcaa
588 2631 738 2690 obtentae.
763 2630 834 2690 Oar-

149 2741 228 2781 men.
258 2719 393 2782 Viennae
411 2720 598 2781 Cosmerovii
617 2717 713 2782 1698.
731 2717 761 2782 8.

111 2811 270 2891 Epistolae
285 2812 424 2892 poeticae
441 2811 478 2870 ad
498 2811 627 2871 Domum
648 2812 835 2871 Austriacam

150 2903 186 2962 de
202 2905 275 2982 ejus
297 2901 417 2962 Virtute
438 2902 555 2962 bellica.
580 2903 715 2962 Viennae
739 2899 836 2963 1698.

151 2990 179 3054 8.
195 2993 310 3071 Vogel.

113 3081 280 3163 Phosphori
312 3082 464 3144 Austriaci
498 3084 562 3144 sivo
595 3081 836 3162 Compendiosae

151 3175 312 3234 Historiae
333 3172 370 3234 de
389 3175 546 3253 Augustae
566 3172 679 3234 Domus
698 3173 835 3233 Austris·

152 3285 203 3324 cae
221 3262 365 3341 Origine,
393 3264 599 3343 Magnitudine
625 3273 655 3323 01
683 3263 835 3323 Potentia.

154 3355 243 3507 Issshri
266 3353 338 3505 dpg.
363 3356 502 3416 Viennae
522 3355 663 3434 Schlegol
686 3351 780 3416 1699.
806 3361 837 3414 01

176 3443 194 3507 ·7
250 3490 257 3504 .
329 3489 336 3503 .

446 3529 519 3583 (110010
532 3535 551 3570 01
565 3531 644 3580 Scripta
658 3531 718 3570 Pror.
731 3531 811 3584 10010.)

160 3661 324 3725 SEASER
357 3660 501 3736 Pennus,
534 3658 719 3733 Germanus,
751 3661 839 3720 Wor·

126 3754 218 3812 matisc
237 3749 293 3814 25.
310 3752 385 3812 Dec.
404 3749 500 3812 1640.
516 3761 614 3826 natus,
629 3750 841 3832 Philosophiae

131 3837 260 3920 Magister
278 3852 337 3902 aet.
362 3839 416 3904 21.
433 3843 464 3901 in
481 3841 660 3902 Societatem
675 3843 705 3902 in
719 3842 840 3922 provin·

137 3930 173 3988 cia
185 3934 340 3994 Austriaca
355 3933 515 4005 admissus,
539 3941 569 3991 et
588 3929 610 3992 4
630 3941 704 3992 vota
725 3934 838 4012 profes·

135 4039 184 4093 000,
198 4021 315 4084 (1000011
339 4022 471 4096 Possim,
495 4033 558 4082 tum
581 4022 719 4082 Viennae
739 4023 838 4082 Philo-

129 4112 266 4190 sophiam,
296 4113 429 4192 ejusdem
456 4114 570 4172 Doctor
595 4123 724 4186 creatus,
748 4112 838 4172 tradi·

127 4199 170 4260 dit.
191 4203 373 4284 Zagrabiam
387 4203 455 4262 hinc
470 4205 587 4276 missus,
609 4203 746 4262 Minister
768 4200 838 4263 Col-

124 4289 193 4370 legii,
217 4303 410 4376 praemature
425 4295 510 4368 lieet,
534 4295 664 4375 piissime
686 4294 760 4354 obiit
784 4289 838 4354 26.

124 4380 189 4442 Julii
208 4380 306 4446 1678.
324 4395 382 4444 001.
399 4381 452 4446 38.

183 4475 286 4534 Edidit
301 4475 410 4534 latine:

124 4562 191 4624 Idea
205 4565 380 4644 Sapientiae
405 4565 569 4639 delineata,
594 4585 647 4624 seu
668 4565 703 4624 Β.
726 4564 841 4625 Stanis-

161 4655 226 4714 1οιιο
246 4655 370 4716 Kostka
390 4653 420 4714 S.
443 4655 474 4716 J.
495 4657 579 4716 vario
609 4657 769 4716 carminum
792 4677 843 4734 ge·

163 4766 234 4806 nere
250 4745 430 4806 celebratus.
443 4745 562 4806 Graecii
576 4746 687 4806 Widm.
701 4745 795 4808 1670.
814 4743 843 4807 8.

125 4833 302 4896 Aristotcles
310 4838 459 4896 cumvcris
466 4839 524 4896 suis
531 4837 685 4916 stagyritis
696 4837 843 4897 defensus.

167 4925 305 4987 Viennae
330 4927 503 5006 Thermayr
518 4928 617 4988 Vidua
635 4925 731 4988 1676.
750 4925 780 4990 8.

130 5011 228 5076 Gloria
242 5017 282 5078 D.
300 5015 404 5078 Caroli
425 5019 605 5079 Borramaei.
623 5018 758 5078 Viennae
774 5018 848 5079 Cos-

172 5109 305 5168 merovii.
326 5106 421 5170 1677.
444 5105 475 5170 8.

457 5230 529 5282 (Grata
543 5237 562 5270 01
576 5231 654 5281 Scripta
668 5231 729 5270 eras.
744 5231 823 5282 Aratr.)

880 653 942 715 dini
961 653 1014 716 13.
1029 654 1104 717 Dec.
1125 654 1221 720 1627.
1238 667 1342 732 natus,
1366 667 1472 719 01001.
1497 655 1551 719 21.
1574 659 1605 719 in

880 746 1068 825 provinciam
1084 747 1273 808 Austriacam
1294 757 1466 828 cooptatus,
1491 747 1605 810 40010

880 837 1048 914 professus,
1073 845 1103 898 et
1123 839 1335 920 Philosophiae
1358 859 1393 898 ac
1417 839 1604 918 Theologiae

882 926 1013 1000 Doctor,
1041 928 1198 988 Mathesim
1220 929 1353 1002 Graecii,
1382 937 1443 990 tum
1466 929 1602 989 Philoso-

882 1017 998 1095 phiam,
1030 1019 1226 1098 Theologiam
1260 1040 1296 1080 00
1325 1019 1385 1080 Jus
1421 1020 1604 1081 Canonicum

882 1107 991 1166 ibidem
1006 1109 1142 1187 pluribus
1164 1111 1250 1170 annis
1271 1109 1405 1184 tradidit,
1429 1131 1464 1170 ac
1486 1110 1602 1170 demum

881 1198 929 1278 pia
945 1197 1018 1256 obiit
1033 1199 1207 1278 Tyrnaviae
1218 1197 1271 1262 20.
1284 1201 1363 1280 Aug.
1375 1197 1469 1263 1680.
1480 1209 1539 1260 aet.
1548 1197 1603 1262 53.

947 1287 1043 1346 Extat
1057 1291 1136 1367 ejus:

881 1376 1003 1438 'Pabula
1017 1381 1222 1466 geographica
1238 1379 1378 1442 Croatiae
1394 1390 1425 1442 01
1441 1379 1603 1442 Slavoniae

927 1489 946 1528 a
961 1469 1074 1528 mendis
1091 1483 1266 1552 repurgata.
1286 1469 1382 1534 1673.

899 1623 1125 1678 (transnatans.
1139 1629 1208 1667 110000.
1222 1629 1280 1668 (10010
1293 1635 1312 1668 01
1326 1631 1404 1680 Scripta
1419 1633 1479 1669 Pror.
1494 1631 1574 1684 suar.)

926 1790 1156 1856 etmsnacn
1178 1794 1405 1873 Srcrsmunnus,
1429 1798 1606 1874 Germanus,

884 1901 922 1942 ex
937 1881 1048 1941 illustri
1063 1883 1173 1944 familia
1187 1887 1218 1945 in
1238 1885 1341 1966 Styria
1361 1885 1392 1950 3.
1413 1889 1486 1950 Jan.
1509 1889 1605 1954 1633.

885 1981 983 2045 00100,
1007 1981 1112 2033 01001.
1139 1973 1190 2036 16.
1211 1977 1241 2037 10
1262 1977 1445 2042 Societatem
1468 1993 1607 2064 receptus

885 2060 907 2125 4
922 2069 994 2121 vota
1009 2065 1177 2143 professus,
1201 2067 1413 2148 Philosophiae
1429 2082 1460 2132 01
1476 2073 1607 2133 Theolo-

886 2153 954 2231 giae
978 2152 1107 2228 Doctor,
1131 2177 1197 2215 cum
1220 2167 1376 2242 utramque
1405 2161 1540 2223 Viennae
1567 2161 1609 2225 19

889 2243 973 2302 annis
998 2243 1161 2322 docuisset,
1187 2247 1329 2309 Goesium
1352 2249 1384 2311 S.
1407 2252 1445 2312 E.
1468 2252 1558 2314 Card.
1579 2263 1611 2315 01

887 2333 1069 2412 Episcopum
1086 2333 1269 2398 Gurcensem
1290 2341 1418 2402 Romam
1442 2347 1610 2420 comitatus,

888 2423 984 2483 eidem
1000 2428 1154 2504 septennio
1178 2449 1197 2486 a
1220 2431 1349 2490 consiliis
1370 2441 1400 2492 et
1423 2437 1611 2496 confessioni-

889 2513 945 2573 bus
961 2515 1026 2574 fuit.
1051 2516 1160 2578 Redux
1175 2517 1354 2580 Convictum
1371 2521 1570 2586 Graecensem
1583 2537 1613 2587 et

889 2603 1105 2682 Viennensem,
1136 2608 1303 2690 Collegium
1328 2613 1504 2677 Labacense
1523 2618 1613 2692 rexit,

889 2703 920 2754 01
935 2695 982 2754 vir
1003 2715 1021 2754 a
1040 2701 1160 2758 summis
1185 2701 1350 2782 quibusque
1372 2703 1411 2764 ob
1433 2707 1614 2785 singularem

890 2784 1077 2863 prudentiam
1093 2797 1124 2848 et
1139 2792 1333 2853 eruditionem
1354 2796 1385 2853 in
1399 2795 1490 2856 rebus
1499 2800 1613 2876 gravis-

891 2875 970 2933 simis
987 2878 1154 2952 consultus,
1178 2883 1225 2960 pie
1242 2881 1315 2942 obiit
1338 2884 1444 2945 Leobii
1460 2883 1513 2948 24.
1539 2887 1614 2948 Dec.

895 2961 991 3025 1703.
1008 2975 1066 3026 001.
1085 2965 1136 3028 70.

958 3055 1061 3116 Edidit
1075 3057 1171 3118 Poeta
1186 3061 1322 3124 Viennae
1338 3063 1446 3125 latine:

890 3145 1124 3224 Epigrammata.
1140 3150 1276 3212 Viennae
1295 3151 1390 3216 1651.
1408 3152 1439 3220 8.

891 3236 995 3315 Imago
1018 3237 1204 3319 Sapientiae,
1228 3263 1282 3303 scu
1303 3255 1431 3326 quatuor
1442 3247 1616 3328 Philosophi

936 3327 1063 3407 antiqui,
1087 3329 1211 3406 Seneca,
1235 3333 1399 3414 Diogenes,
1415 3337 1615 3400 Anaxarchus

936 3427 968 3477 et
977 3417 1047 3478 Bias
1057 3423 1186 3482 carmine
1194 3424 1350 3486 celebrati.
1363 3427 1499 3490 Viennae
1507 3431 1614 3491 Matth.

941 3507 1129 3570 Cosmerovii
1148 3510 1243 3575 1657.
1261 3513 1291 3577 8.

895 3597 1076 3674 Castellum,
1111 3604 1191 3683 quod
1226 3606 1350 3667 intravit
1385 3609 1553 3690 Sapientia,
1589 3621 1618 3672 et

940 3693 1018 3751 sicut
1038 3692 1176 3770 Lucerna
1186 3694 1310 3775 fulgoris
1329 3699 1521 3760 illuminavit.
1546 3700 1619 3762 Car·

941 3803 1008 3842 men
1025 3782 1198 3861 elegiacum.
1222 3788 1359 3848 Viennae
1377 3785 1473 3851 1637.
1489 3790 1518 3850 id
1535 3787 1565 3852 8.

1228 3944 1300 3996 (110010
1314 3951 1335 3984 01
1346 3946 1425 3996 serapa-
1440 3947 1500 3986 l’ror.
1514 3947 1593 3999 10010.)

940 4110 1132 4174 chanaon
1147 4109 1316 4186 Αο00000,
1340 4109 1518 4186 Gennanus,
1534 4134 1551 4173 e
1567 4135 1617 4174 no·

893 4201 1038 4261 bilissima
1053 4201 1165 4260 familia
1180 4199 1299 4262 0000011
1314 4202 1343 4262 10
1360 4203 1463 4282 Styria
1473 4201 1527 4266 30.
1543 4206 1617 4266 Dec.

896 4287 993 4353 1639.
1018 4299 1122 4366 uatus,
1147 4301 1258 4352 01001.
1282 4289 1334 4354 15.
1356 4293 1536 4356 Societatem
1557 4317 1616 4356 aru·

894 4382 1010 4462 plexus,
1025 4381 1248 4462 Philosophiam
1258 4381 1402 4458 Viennae,
1418 4385 1616 4466 Theologiam

894 4475 1010 4532 Romae
1026 4481 1111 4532 tauto
1128 4495 1194 4532 cum
1209 4474 1317 4554 plausu
1330 4475 1474 4550 defendit,
1489 4486 1523 4536 ut
1539 4477 1616 4538 docti

897 4561 1614 4626 Germaninominebonoraretur.Reduxutram-

897 4675 955 4734 que
970 4655 1123 4715 scientiam
1140 4655 1258 4716 Graecii
1273 4677 1327 4736 per
1336 4657 1437 4734 plures
1446 4677 1540 4716 annos
1552 4665 1616 4716 tan-

898 4755 931 4804 ta
947 4745 1162 4825 approbatione
1186 4746 1346 4826 praelegit,
1363 4755 1395 4804 ut
1419 4748 1530 4826 scripta
1551 4747 1617 4826 ejus

902 4837 992 4896 etiarn
1012 4835 1051 4896 ab
1073 4838 1182 4896 exteris
1204 4836 1234 4894 iu
1254 4836 1371 4895 Italiam
1396 4845 1618 4914 expeterentur.

903 4925 1067 5008 Operariua
1083 4927 1121 4986 ad
1136 4927 1210 4986 baec
1225 4926 1388 4986 indefessus
1405 4926 1480 4988 etin
1500 4925 1532 4988 S.
1553 4929 1620 4987 'Pri-

902 5017 1003 5077 bunali
1019 5017 1112 5096 rigida
1128 5019 1217 5078 0110000
1232 5017 1339 5096 hyeme
1355 5017 1384 5076 iu
1401 5017 1551 5078 meridiem
1574 5040 1622 5079 00-

904 5129 960 5188 que
986 5108 1134 5181 assiduus,
1163 5107 1345 5166 demissionis
1378 5117 1408 5168 et
1435 5107 1621 5170 obedientiae

904 5199 1074 5276 exemplar,
1109 5197 1250 5255 orationis
1281 5197 1523 5272 studiosissimus,
1560 5222 1620 5260 non

1346 5285 1409 5349 Ἰ*
