<?xml version="1.0" encoding="UTF-8"?>
<!DOCTYPE html PUBLIC "-//W3C//DTD XHTML 1.0 Transitional//EN"
    "http://www.w3.org/TR/xhtml1/DTD/xhtml1-transitional.dtd">
<html xmlns="http://www.w3.org/1999/xhtml" xml:lang="en" lang="en">
 <head>
  <title>
</title>
<meta http-equiv="Content-Type" content="text/html;charset=utf-8" />
  <meta name='ocr-system' content='tesseract 3.04.00' />
  <meta name='ocr-capabilities' content='ocr_page ocr_carea ocr_par ocr_line ocrx_word'/>
</head>
<body>
  <div class='ocr_page' id='page_1' title='image "./scriptoresprovi00jesugoog_0172.png"; bbox 0 0 3948 5946; ppageno 0'>
   <div class='ocr_carea' id='block_1_1' title="bbox 739 331 983 398">
    <p class='ocr_par' dir='ltr' id='par_1_1' title="bbox 739 331 983 398">
     <span class='ocr_line' id='line_1_1' title="bbox 739 331 983 398; baseline 0.004 -1"><span class='ocrx_word' id='word_1_1' title='bbox 739 331 983 398; x_wconf 78' lang='lat'>-159-</span> 
     </span>
    </p>
   </div>
   <div class='ocr_carea' id='block_1_2' title="bbox 103 499 833 580">
    <p class='ocr_par' dir='ltr' id='par_1_2' title="bbox 103 499 833 580">
     <span class='ocr_line' id='line_1_2' title="bbox 103 499 833 580; baseline -0.001 -20"><span class='ocrx_word' id='word_1_2' title='bbox 103 509 148 560; x_wconf 89' lang='lat' dir='ltr'><strong>tus</strong></span> <span class='ocrx_word' id='word_1_3' title='bbox 164 511 210 560; x_wconf 89' lang='lat' dir='ltr'><strong>est</strong></span> <span class='ocrx_word' id='word_1_4' title='bbox 227 499 313 580; x_wconf 90' lang='lat' dir='ltr'><strong>apud</strong></span> <span class='ocrx_word' id='word_1_5' title='bbox 325 499 462 561; x_wconf 85' lang='lat' dir='ltr'><strong>RR.PP.</strong></span> <span class='ocrx_word' id='word_1_6' title='bbox 472 499 691 560; x_wconf 82' lang='lat' dir='ltr'><strong>Franciscanos</strong></span> <span class='ocrx_word' id='word_1_7' title='bbox 707 499 833 559; x_wconf 81' lang='lat' dir='ltr'><strong>inTem·</strong></span> 
     </span>
    </p>
   </div>
   <div class='ocr_carea' id='block_1_3' title="bbox 888 492 1623 578">
    <p class='ocr_par' dir='ltr' id='par_1_3' title="bbox 888 492 1623 578">
     <span class='ocr_line' id='line_1_3' title="bbox 888 492 1623 578; baseline 0.008 -24"><span class='ocrx_word' id='word_1_8' title='bbox 888 495 969 566; x_wconf 84' lang='lat' dir='ltr'><strong>cutio</strong></span> <span class='ocrx_word' id='word_1_9' title='bbox 990 493 1121 554; x_wconf 83' lang='lat' dir='ltr'><strong>saeviret</strong></span> <span class='ocrx_word' id='word_1_10' title='bbox 1141 503 1248 556; x_wconf 88' lang='lat' dir='ltr'><strong>contra</strong></span> <span class='ocrx_word' id='word_1_11' title='bbox 1275 492 1473 572; x_wconf 69' lang='lat' dir='ltr'>Sacerdotes,</span> <span class='ocrx_word' id='word_1_12' title='bbox 1502 497 1569 578; x_wconf 92' lang='lat' dir='ltr'><strong>ipse</strong></span> <span class='ocrx_word' id='word_1_13' title='bbox 1589 510 1623 560; x_wconf 90' lang='lat' dir='ltr'><strong>ut</strong></span> 
     </span>
    </p>
   </div>
   <div class='ocr_carea' id='block_1_4' title="bbox 103 582 1622 670">
    <p class='ocr_par' dir='ltr' id='par_1_4' title="bbox 103 582 1622 670">
     <span class='ocr_line' id='line_1_4' title="bbox 103 582 1622 670; baseline 0 -21"><span class='ocrx_word' id='word_1_14' title='bbox 103 591 151 670; x_wconf 94' lang='lat' dir='ltr'><strong>plo</strong></span> <span class='ocrx_word' id='word_1_15' title='bbox 167 591 206 650; x_wconf 90' lang='lat' dir='ltr'><strong>D.</strong></span> <span class='ocrx_word' id='word_1_16' title='bbox 223 591 362 664; x_wconf 85' lang='lat' dir='ltr'><strong>Nicolsi,</strong></span> <span class='ocrx_word' id='word_1_17' title='bbox 387 590 510 651; x_wconf 84' lang='lat' dir='ltr'><strong>Oanisio</strong></span> <span class='ocrx_word' id='word_1_18' title='bbox 522 587 627 648; x_wconf 90' lang='lat' dir='ltr'><strong>laudes</strong></span> <span class='ocrx_word' id='word_1_19' title='bbox 644 591 710 667; x_wconf 90' lang='lat' dir='ltr'><strong>ejus</strong></span> <span class='ocrx_word' id='word_1_20' title='bbox 728 588 767 648; x_wconf 93' lang='lat' dir='ltr'><strong>ad</strong></span> <span class='ocrx_word' id='word_1_21' title='bbox 781 610 833 648; x_wconf 91' lang='lat' dir='ltr'><strong>no·</strong></span> <span class='ocrx_word' id='word_1_22' title='bbox 887 582 1056 644; x_wconf 78' lang='lat' dir='ltr'><strong>vocationis</strong></span> <span class='ocrx_word' id='word_1_23' title='bbox 1089 601 1162 642; x_wconf 88' lang='lat' dir='ltr'><strong>suae</strong></span> <span class='ocrx_word' id='word_1_24' title='bbox 1182 603 1305 664; x_wconf 91' lang='lat' dir='ltr'><strong>compos</strong></span> <span class='ocrx_word' id='word_1_25' title='bbox 1329 586 1428 662; x_wconf 89' lang='lat' dir='ltr'><strong>fieret,</strong></span> <span class='ocrx_word' id='word_1_26' title='bbox 1451 587 1622 648; x_wconf 88' lang='lat' dir='ltr'><strong>Londinum</strong></span> 
     </span>
    </p>
   </div>
   <div class='ocr_carea' id='block_1_5' title="bbox 99 678 835 1812">
    <p class='ocr_par' dir='ltr' id='par_1_5' title="bbox 103 678 833 757">
     <span class='ocr_line' id='line_1_5' title="bbox 103 678 833 757; baseline -0.003 -18"><span class='ocrx_word' id='word_1_27' title='bbox 103 681 277 739; x_wconf 89' lang='lat' dir='ltr'><strong>bilissimam</strong></span> <span class='ocrx_word' id='word_1_28' title='bbox 295 681 467 740; x_wconf 81' lang='lat' dir='ltr'><strong>concionem</strong></span> <span class='ocrx_word' id='word_1_29' title='bbox 481 679 661 739; x_wconf 76' lang='lat' dir='ltr'><strong>celebrante.</strong></span> <span class='ocrx_word' id='word_1_30' title='bbox 672 678 773 757; x_wconf 81' lang='lat' dir='ltr'><strong>Vulgo</strong></span> <span class='ocrx_word' id='word_1_31' title='bbox 783 699 833 738; x_wconf 90' lang='lat' dir='ltr'><strong>an·</strong></span> 
     </span>
    </p>

    <p class='ocr_par' dir='ltr' id='par_1_6' title="bbox 101 768 833 848">
     <span class='ocr_line' id='line_1_6' title="bbox 101 768 833 848; baseline -0.001 -21"><span class='ocrx_word' id='word_1_32' title='bbox 101 769 182 848; x_wconf 82' lang='lat' dir='ltr'><strong>gelus</strong></span> <span class='ocrx_word' id='word_1_33' title='bbox 199 771 299 848; x_wconf 86' lang='lat' dir='ltr'><strong>pacis,</strong></span> <span class='ocrx_word' id='word_1_34' title='bbox 315 779 402 848; x_wconf 90' lang='lat' dir='ltr'><strong>pater</strong></span> <span class='ocrx_word' id='word_1_35' title='bbox 417 778 624 848; x_wconf 90' lang='lat' dir='ltr'><strong>patronusque</strong></span> <span class='ocrx_word' id='word_1_36' title='bbox 641 768 833 841; x_wconf 88' lang='lat' dir='ltr'><strong>credentium,</strong></span> 
     </span>
    </p>

    <p class='ocr_par' dir='ltr' id='par_1_7' title="bbox 101 857 834 1026">
     <span class='ocr_line' id='line_1_7' title="bbox 101 857 834 936; baseline 0 -20"><span class='ocrx_word' id='word_1_37' title='bbox 101 859 215 936; x_wconf 88' lang='lat' dir='ltr'><strong>legatus</strong></span> <span class='ocrx_word' id='word_1_38' title='bbox 233 879 253 918; x_wconf 89' lang='lat' dir='ltr'><strong>a</strong></span> <span class='ocrx_word' id='word_1_39' title='bbox 271 858 393 918; x_wconf 84' lang='lat' dir='ltr'><strong>Christo</strong></span> <span class='ocrx_word' id='word_1_40' title='bbox 411 857 592 918; x_wconf 78' lang='lat' dir='ltr'><strong>Germaniae</strong></span> <span class='ocrx_word' id='word_1_41' title='bbox 608 857 754 936; x_wconf 88' lang='lat' dir='ltr'><strong>magister</strong></span> <span class='ocrx_word' id='word_1_42' title='bbox 775 857 834 916; x_wconf 91' lang='lat' dir='ltr'><strong>dic·</strong></span> 
     </span>
     <span class='ocr_line' id='line_1_8' title="bbox 102 947 484 1026; baseline 0 -20"><span class='ocrx_word' id='word_1_43' title='bbox 102 959 154 1006; x_wconf 87' lang='lat' dir='ltr'><strong>tus.</strong></span> <span class='ocrx_word' id='word_1_44' title='bbox 178 947 282 1008; x_wconf 91' lang='lat' dir='ltr'><strong>Plura</strong></span> <span class='ocrx_word' id='word_1_45' title='bbox 295 948 484 1026; x_wconf 89' lang='lat' dir='ltr'><strong>Patrignani.</strong></span> 
     </span>
    </p>

    <p class='ocr_par' dir='ltr' id='par_1_8' title="bbox 99 1035 835 1472">
     <span class='ocr_line' id='line_1_9' title="bbox 99 1035 835 1117; baseline -0.001 -21"><span class='ocrx_word' id='word_1_46' title='bbox 99 1037 218 1096; x_wconf 87' lang='lat' dir='ltr'><strong>Editum</strong></span> <span class='ocrx_word' id='word_1_47' title='bbox 237 1045 288 1096; x_wconf 90' lang='lat' dir='ltr'><strong>est</strong></span> <span class='ocrx_word' id='word_1_48' title='bbox 304 1038 497 1117; x_wconf 87' lang='lat' dir='ltr'><strong>opusculum,</strong></span> <span class='ocrx_word' id='word_1_49' title='bbox 522 1035 604 1116; x_wconf 92' lang='lat' dir='ltr'><strong>quod</strong></span> <span class='ocrx_word' id='word_1_50' title='bbox 618 1035 753 1115; x_wconf 89' lang='lat' dir='ltr'><strong>reliquit,</strong></span> <span class='ocrx_word' id='word_1_51' title='bbox 779 1035 835 1095; x_wconf 88' lang='lat' dir='ltr'><strong>suh</strong></span> 
     </span>
     <span class='ocr_line' id='line_1_10' title="bbox 139 1123 834 1205; baseline -0.001 -21"><span class='ocrx_word' id='word_1_52' title='bbox 139 1127 248 1185; x_wconf 83' lang='lat' dir='ltr'><strong>titulo:</strong></span> <span class='ocrx_word' id='word_1_53' title='bbox 267 1127 430 1204; x_wconf 73' lang='lat' dir='ltr'><strong>Speculum</strong></span> <span class='ocrx_word' id='word_1_54' title='bbox 446 1127 600 1186; x_wconf 89' lang='lat' dir='ltr'><strong>Praesulis</strong></span> <span class='ocrx_word' id='word_1_55' title='bbox 624 1145 662 1184; x_wconf 86' lang='lat' dir='ltr'><strong>ex</strong></span> <span class='ocrx_word' id='word_1_56' title='bbox 683 1123 715 1184; x_wconf 91' lang='lat' dir='ltr'><strong>S.</strong></span> <span class='ocrx_word' id='word_1_57' title='bbox 735 1123 834 1205; x_wconf 89' lang='lat' dir='ltr'><strong>Scrip-</strong></span> 
     </span>
     <span class='ocr_line' id='line_1_11' title="bbox 138 1215 834 1286; baseline 0 -12"><span class='ocrx_word' id='word_1_58' title='bbox 138 1223 245 1286; x_wconf 90' lang='lat' dir='ltr'><strong>turae,</strong></span> <span class='ocrx_word' id='word_1_59' title='bbox 279 1215 436 1275; x_wconf 83' lang='lat' dir='ltr'><strong>Oanonum</strong></span> <span class='ocrx_word' id='word_1_60' title='bbox 466 1223 497 1274; x_wconf 90' lang='lat' dir='ltr'><strong>et</strong></span> <span class='ocrx_word' id='word_1_61' title='bbox 529 1215 697 1274; x_wconf 79' lang='lat' dir='ltr'><strong>Doctorum</strong></span> <span class='ocrx_word' id='word_1_62' title='bbox 732 1215 834 1274; x_wconf 84' lang='lat' dir='ltr'><strong>verbis</strong></span> 
     </span>
     <span class='ocr_line' id='line_1_12' title="bbox 139 1303 835 1382; baseline -0.003 -18"><span class='ocrx_word' id='word_1_63' title='bbox 139 1305 177 1364; x_wconf 89' lang='lat' dir='ltr'><strong>ad</strong></span> <span class='ocrx_word' id='word_1_64' title='bbox 193 1304 291 1364; x_wconf 83' lang='lat' dir='ltr'><strong>Oard.</strong></span> <span class='ocrx_word' id='word_1_65' title='bbox 308 1305 525 1364; x_wconf 83' lang='lat' dir='ltr'><strong>&#39;Pruchsesium</strong></span> <span class='ocrx_word' id='word_1_66' title='bbox 540 1303 835 1382; x_wconf 78' lang='lat' dir='ltr'><strong>EpiscopumAugu·</strong></span> 
     </span>
     <span class='ocr_line' id='line_1_13' title="bbox 138 1389 648 1472; baseline -0.004 -18"><span class='ocrx_word' id='word_1_67' title='bbox 138 1403 275 1454; x_wconf 88' lang='lat' dir='ltr'><strong>stanum.</strong></span> <span class='ocrx_word' id='word_1_68' title='bbox 302 1394 484 1472; x_wconf 87' lang='lat' dir='ltr'><strong>Ingolstadii</strong></span> <span class='ocrx_word' id='word_1_69' title='bbox 504 1389 599 1455; x_wconf 85' lang='lat'><strong>1615.</strong></span> <span class='ocrx_word' id='word_1_70' title='bbox 615 1389 648 1453; x_wconf 87' lang='grc'><strong>4.</strong></span> 
     </span>
    </p>

    <p class='ocr_par' dir='ltr' id='par_1_9' title="bbox 99 1481 834 1812">
     <span class='ocr_line' id='line_1_14' title="bbox 99 1481 834 1563; baseline 0 -21"><span class='ocrx_word' id='word_1_71' title='bbox 99 1483 258 1542; x_wconf 87' lang='lat' dir='ltr'><strong>inchoavit</strong></span> <span class='ocrx_word' id='word_1_72' title='bbox 277 1485 367 1543; x_wconf 89' lang='lat' dir='ltr'><strong>etiam</strong></span> <span class='ocrx_word' id='word_1_73' title='bbox 375 1483 565 1560; x_wconf 80' lang='lat' dir='ltr'><strong>Theologiae</strong></span> <span class='ocrx_word' id='word_1_74' title='bbox 573 1481 735 1556; x_wconf 88' lang='lat' dir='ltr'><strong>Summam,</strong></span> <span class='ocrx_word' id='word_1_75' title='bbox 746 1503 834 1563; x_wconf 90' lang='lat' dir='ltr'><strong>quam</strong></span> 
     </span>
     <span class='ocr_line' id='line_1_15' title="bbox 138 1571 834 1652; baseline -0.003 -20"><span class='ocrx_word' id='word_1_76' title='bbox 138 1581 238 1632; x_wconf 88' lang='lat' dir='ltr'><strong>morte</strong></span> <span class='ocrx_word' id='word_1_77' title='bbox 256 1583 441 1652; x_wconf 89' lang='lat' dir='ltr'><strong>praereptus</strong></span> <span class='ocrx_word' id='word_1_78' title='bbox 463 1571 625 1632; x_wconf 83' lang='lat' dir='ltr'><strong>absolvere</strong></span> <span class='ocrx_word' id='word_1_79' title='bbox 645 1591 706 1630; x_wconf 93' lang='lat' dir='ltr'><strong>non</strong></span> <span class='ocrx_word' id='word_1_80' title='bbox 728 1572 834 1650; x_wconf 89' lang='lat' dir='ltr'><strong>potuit,</strong></span> 
     </span>
     <span class='ocr_line' id='line_1_16' title="bbox 138 1660 834 1743; baseline 0.003 -23"><span class='ocrx_word' id='word_1_81' title='bbox 138 1663 223 1741; x_wconf 83' lang='lat' dir='ltr'><strong>typis</strong></span> <span class='ocrx_word' id='word_1_82' title='bbox 252 1663 388 1743; x_wconf 92' lang='lat' dir='ltr'><strong>alioquin</strong></span> <span class='ocrx_word' id='word_1_83' title='bbox 412 1660 596 1722; x_wconf 80' lang='lat' dir='ltr'><strong>Ferdiuandi</strong></span> <span class='ocrx_word' id='word_1_84' title='bbox 621 1661 648 1720; x_wconf 92' lang='grc' dir='ltr'><strong>Ι.</strong></span> <span class='ocrx_word' id='word_1_85' title='bbox 677 1661 834 1722; x_wconf 87' lang='lat' dir='ltr'><strong>voluntate</strong></span> 
     </span>
     <span class='ocr_line' id='line_1_17' title="bbox 140 1751 570 1812; baseline -0.002 -1"><span class='ocrx_word' id='word_1_86' title='bbox 140 1751 304 1812; x_wconf 89' lang='lat' dir='ltr'><strong>edendam.</strong></span> <span class='ocrx_word' id='word_1_87' title='bbox 568 1769 570 1772; x_wconf 87' lang='lat'>·</span> 
     </span>
    </p>
   </div>
   <div class='ocr_carea' id='block_1_6' title="bbox 152 1871 853 1940">
    <p class='ocr_par' dir='ltr' id='par_1_10' title="bbox 152 1871 853 1940">
     <span class='ocr_line' id='line_1_18' title="bbox 152 1871 853 1940; baseline 0 -14"><span class='ocrx_word' id='word_1_88' title='bbox 152 1888 258 1940; x_wconf 67' lang='grc'><strong>(00.0.</strong></span> <span class='ocrx_word' id='word_1_89' title='bbox 272 1891 353 1928; x_wconf 63' lang='lat' dir='ltr'><strong>ram.</strong></span> <span class='ocrx_word' id='word_1_90' title='bbox 367 1889 439 1928; x_wconf 64' lang='grc'><strong>000.</strong></span> <span class='ocrx_word' id='word_1_91' title='bbox 452 1888 511 1928; x_wconf 72' lang='lat' dir='ltr'><strong>aa·</strong></span> <span class='ocrx_word' id='word_1_92' title='bbox 525 1891 546 1926; x_wconf 70' lang='lat' dir='ltr'><strong>a</strong></span> <span class='ocrx_word' id='word_1_93' title='bbox 560 1887 637 1938; x_wconf 63' lang='lat' dir='ltr'><strong>serpo</strong></span> <span class='ocrx_word' id='word_1_94' title='bbox 651 1889 713 1928; x_wconf 74' lang='lat' dir='ltr'><strong>rm.</strong></span> <span class='ocrx_word' id='word_1_95' title='bbox 726 1889 806 1940; x_wconf 68' lang='grc'><strong>100.)</strong></span> <span class='ocrx_word' id='word_1_96' title='bbox 849 1871 853 1880; x_wconf 94' lang='grc'><strong>’</strong></span> 
     </span>
    </p>
   </div>
   <div class='ocr_carea' id='block_1_7' title="bbox 101 2051 833 2230">
    <p class='ocr_par' dir='ltr' id='par_1_11' title="bbox 101 2051 833 2230">
     <span class='ocr_line' id='line_1_19' title="bbox 139 2051 833 2131; baseline -0.007 -16"><span class='ocrx_word' id='word_1_97' title='bbox 139 2053 372 2118; x_wconf 76' lang='lat' dir='ltr'><strong>Jmocsz</strong></span> <span class='ocrx_word' id='word_1_98' title='bbox 404 2051 555 2124; x_wconf 66' lang='grc'><strong>11001100,</strong></span> <span class='ocrx_word' id='word_1_99' title='bbox 590 2051 833 2131; x_wconf 83' lang='lat' dir='ltr'><strong>Transylvanus,</strong></span> 
     </span>
     <span class='ocr_line' id='line_1_20' title="bbox 101 2137 833 2230; baseline 0 -30"><span class='ocrx_word' id='word_1_100' title='bbox 101 2141 294 2222; x_wconf 85' lang='lat' dir='ltr'><strong>Claudiopoli</strong></span> <span class='ocrx_word' id='word_1_101' title='bbox 313 2137 410 2230; x_wconf 63' lang='lat'><strong>1339.</strong></span> <span class='ocrx_word' id='word_1_102' title='bbox 427 2143 457 2200; x_wconf 89' lang='lat' dir='ltr'><strong>in</strong></span> <span class='ocrx_word' id='word_1_103' title='bbox 474 2139 661 2200; x_wconf 80' lang='lat' dir='ltr'><strong>Societatem</strong></span> <span class='ocrx_word' id='word_1_104' title='bbox 677 2141 833 2214; x_wconf 88' lang='lat' dir='ltr'><strong>admissus,</strong></span> 
     </span>
    </p>
   </div>
   <div class='ocr_carea' id='block_1_8' title="bbox 96 2230 835 3204">
    <p class='ocr_par' dir='ltr' id='par_1_12' title="bbox 104 2230 833 2309">
     <span class='ocr_line' id='line_1_21' title="bbox 104 2230 833 2309; baseline 0 -19"><span class='ocrx_word' id='word_1_105' title='bbox 104 2231 252 2290; x_wconf 81' lang='lat' dir='ltr'><strong>absolutis</strong></span> <span class='ocrx_word' id='word_1_106' title='bbox 266 2231 372 2290; x_wconf 89' lang='lat' dir='ltr'><strong>studiis</strong></span> <span class='ocrx_word' id='word_1_107' title='bbox 386 2251 402 2290; x_wconf 93' lang='lat' dir='ltr'><strong>e</strong></span> <span class='ocrx_word' id='word_1_108' title='bbox 418 2231 510 2289; x_wconf 90' lang='lat' dir='ltr'><strong>tertia</strong></span> <span class='ocrx_word' id='word_1_109' title='bbox 526 2230 707 2309; x_wconf 89' lang='lat' dir='ltr'><strong>probatione</strong></span> <span class='ocrx_word' id='word_1_110' title='bbox 715 2231 833 2290; x_wconf 82' lang='lat' dir='ltr'><strong>Missis·</strong></span> 
     </span>
    </p>

    <p class='ocr_par' dir='ltr' id='par_1_13' title="bbox 103 2321 833 2400">
     <span class='ocr_line' id='line_1_22' title="bbox 103 2321 833 2400; baseline -0.003 -20"><span class='ocrx_word' id='word_1_111' title='bbox 103 2343 152 2380; x_wconf 91' lang='lat' dir='ltr'><strong>nes</strong></span> <span class='ocrx_word' id='word_1_112' title='bbox 168 2342 271 2400; x_wconf 87' lang='lat' dir='ltr'><strong>vagas</strong></span> <span class='ocrx_word' id='word_1_113' title='bbox 296 2323 326 2380; x_wconf 91' lang='lat' dir='ltr'><strong>in</strong></span> <span class='ocrx_word' id='word_1_114' title='bbox 351 2321 479 2380; x_wconf 85' lang='lat' dir='ltr'><strong>Daciam</strong></span> <span class='ocrx_word' id='word_1_115' title='bbox 511 2321 660 2400; x_wconf 90' lang='lat' dir='ltr'><strong>suscepit,</strong></span> <span class='ocrx_word' id='word_1_116' title='bbox 685 2331 716 2380; x_wconf 91' lang='lat' dir='ltr'><strong>at</strong></span> <span class='ocrx_word' id='word_1_117' title='bbox 738 2321 833 2380; x_wconf 89' lang='lat' dir='ltr'><strong>altero</strong></span> 
     </span>
    </p>

    <p class='ocr_par' dir='ltr' id='par_1_14' title="bbox 100 2409 833 2490">
     <span class='ocr_line' id='line_1_23' title="bbox 100 2409 833 2490; baseline 0.004 -24"><span class='ocrx_word' id='word_1_118' title='bbox 100 2430 197 2470; x_wconf 85' lang='lat' dir='ltr'><strong>rnense</strong></span> <span class='ocrx_word' id='word_1_119' title='bbox 213 2411 268 2470; x_wconf 92' lang='lat' dir='ltr'><strong>lue</strong></span> <span class='ocrx_word' id='word_1_120' title='bbox 285 2431 305 2469; x_wconf 87' lang='lat' dir='ltr'><strong>a</strong></span> <span class='ocrx_word' id='word_1_121' title='bbox 319 2419 405 2488; x_wconf 89' lang='lat' dir='ltr'><strong>peste</strong></span> <span class='ocrx_word' id='word_1_122' title='bbox 423 2409 533 2470; x_wconf 87' lang='lat' dir='ltr'><strong>inflatis</strong></span> <span class='ocrx_word' id='word_1_123' title='bbox 549 2419 679 2470; x_wconf 90' lang='lat' dir='ltr'><strong>attracta</strong></span> <span class='ocrx_word' id='word_1_124' title='bbox 695 2409 833 2490; x_wconf 90' lang='lat' dir='ltr'><strong>pluribus</strong></span> 
     </span>
    </p>

    <p class='ocr_par' dir='ltr' id='par_1_15' title="bbox 96 2499 833 2580">
     <span class='ocr_line' id='line_1_24' title="bbox 96 2499 833 2580; baseline 0 -22"><span class='ocrx_word' id='word_1_125' title='bbox 96 2500 155 2576; x_wconf 88' lang='lat' dir='ltr'><strong>jam</strong></span> <span class='ocrx_word' id='word_1_126' title='bbox 170 2501 348 2571; x_wconf 86' lang='lat' dir='ltr'><strong>conversis,</strong></span> <span class='ocrx_word' id='word_1_127' title='bbox 372 2519 582 2580; x_wconf 87' lang='lat' dir='ltr'><strong>praepropera</strong></span> <span class='ocrx_word' id='word_1_128' title='bbox 602 2509 699 2560; x_wconf 90' lang='lat' dir='ltr'><strong>morte</strong></span> <span class='ocrx_word' id='word_1_129' title='bbox 722 2499 833 2560; x_wconf 82' lang='lat' dir='ltr'><strong>exstin-</strong></span> 
     </span>
    </p>

    <p class='ocr_par' dir='ltr' id='par_1_16' title="bbox 103 2581 754 2738">
     <span class='ocr_line' id='line_1_25' title="bbox 103 2581 754 2666; baseline 0.012 -21"><span class='ocrx_word' id='word_1_130' title='bbox 103 2603 164 2647; x_wconf 88' lang='lat' dir='ltr'><strong>cms</strong></span> <span class='ocrx_word' id='word_1_131' title='bbox 180 2599 231 2648; x_wconf 89' lang='lat' dir='ltr'><strong>est</strong></span> <span class='ocrx_word' id='word_1_132' title='bbox 251 2586 305 2650; x_wconf 88' lang='lat'><strong>29.</strong></span> <span class='ocrx_word' id='word_1_133' title='bbox 321 2587 403 2666; x_wconf 75' lang='lat' dir='ltr'><strong>Aug.</strong></span> <span class='ocrx_word' id='word_1_134' title='bbox 423 2586 520 2652; x_wconf 79' lang='grc'><strong>1756.</strong></span> <span class='ocrx_word' id='word_1_135' title='bbox 750 2581 754 2590; x_wconf 74' lang='lat'>‚</span> 
     </span>
     <span class='ocr_line' id='line_1_26' title="bbox 160 2678 548 2738; baseline 0.005 -2"><span class='ocrx_word' id='word_1_136' title='bbox 160 2679 272 2738; x_wconf 81' lang='lat' dir='ltr'><strong>Edidit</strong></span> <span class='ocrx_word' id='word_1_137' title='bbox 288 2678 419 2738; x_wconf 87' lang='lat' dir='ltr'><strong>carmine</strong></span> <span class='ocrx_word' id='word_1_138' title='bbox 435 2679 548 2738; x_wconf 91' lang='lat' dir='ltr'><strong>latino:</strong></span> 
     </span>
    </p>

    <p class='ocr_par' dir='ltr' id='par_1_17' title="bbox 100 2765 835 3204">
     <span class='ocr_line' id='line_1_27' title="bbox 100 2765 833 2828; baseline 0 -2"><span class='ocrx_word' id='word_1_139' title='bbox 100 2767 223 2828; x_wconf 73' lang='grc'><strong>10100100</strong></span> <span class='ocrx_word' id='word_1_140' title='bbox 241 2768 344 2826; x_wconf 84' lang='lat' dir='ltr'><strong>herois</strong></span> <span class='ocrx_word' id='word_1_141' title='bbox 360 2767 497 2827; x_wconf 86' lang='lat' dir='ltr'><strong>manibus</strong></span> <span class='ocrx_word' id='word_1_142' title='bbox 514 2767 632 2828; x_wconf 80' lang='lat' dir='ltr'><strong>Excell.</strong></span> <span class='ocrx_word' id='word_1_143' title='bbox 647 2767 688 2826; x_wconf 93' lang='lat' dir='ltr'><strong>D.</strong></span> <span class='ocrx_word' id='word_1_144' title='bbox 705 2765 833 2827; x_wconf 89' lang='lat' dir='ltr'><strong>Othonis</strong></span> 
     </span>
     <span class='ocr_line' id='line_1_28' title="bbox 140 2855 835 2917; baseline 0 -1"><span class='ocrx_word' id='word_1_145' title='bbox 140 2857 329 2916; x_wconf 76' lang='lat' dir='ltr'><strong>Perdinandi</strong></span> <span class='ocrx_word' id='word_1_146' title='bbox 350 2855 382 2916; x_wconf 92' lang='lat' dir='ltr'><strong>S.</strong></span> <span class='ocrx_word' id='word_1_147' title='bbox 404 2859 442 2916; x_wconf 89' lang='lat' dir='ltr'><strong>R.</strong></span> <span class='ocrx_word' id='word_1_148' title='bbox 459 2857 484 2917; x_wconf 93' lang='lat'><strong>1.</strong></span> <span class='ocrx_word' id='word_1_149' title='bbox 507 2855 592 2917; x_wconf 81' lang='lat' dir='ltr'><strong>Com.</strong></span> <span class='ocrx_word' id='word_1_150' title='bbox 614 2856 651 2916; x_wconf 94' lang='lat' dir='ltr'><strong>de</strong></span> <span class='ocrx_word' id='word_1_151' title='bbox 675 2857 782 2916; x_wconf 86' lang='lat' dir='ltr'><strong>Traun</strong></span> <span class='ocrx_word' id='word_1_152' title='bbox 804 2866 835 2916; x_wconf 91' lang='lat' dir='ltr'><strong>et</strong></span> 
     </span>
     <span class='ocr_line' id='line_1_29' title="bbox 142 2945 833 3026; baseline -0.004 -17"><span class='ocrx_word' id='word_1_153' title='bbox 142 2945 340 3025; x_wconf 76' lang='lat' dir='ltr'><strong>Abensberg,</strong></span> <span class='ocrx_word' id='word_1_154' title='bbox 364 2947 460 3006; x_wconf 87' lang='lat' dir='ltr'><strong>Aurei</strong></span> <span class='ocrx_word' id='word_1_155' title='bbox 475 2947 605 3006; x_wconf 88' lang='lat' dir='ltr'><strong>Velleris</strong></span> <span class='ocrx_word' id='word_1_156' title='bbox 621 2946 752 3026; x_wconf 79' lang='lat' dir='ltr'><strong>Equitio,</strong></span> <span class='ocrx_word' id='word_1_157' title='bbox 774 2945 833 3006; x_wconf 86' lang='lat' dir='ltr'><strong>Ge·</strong></span> 
     </span>
     <span class='ocr_line' id='line_1_30' title="bbox 140 3031 831 3115; baseline -0.003 -19"><span class='ocrx_word' id='word_1_158' title='bbox 140 3031 254 3096; x_wconf 77' lang='lat' dir='ltr'><strong>natalis</strong></span> <span class='ocrx_word' id='word_1_159' title='bbox 278 3035 383 3114; x_wconf 79' lang='lat' dir='ltr'><strong>Campi</strong></span> <span class='ocrx_word' id='word_1_160' title='bbox 412 3035 606 3096; x_wconf 87' lang='lat' dir='ltr'><strong>Mareschalli</strong></span> <span class='ocrx_word' id='word_1_161' title='bbox 633 3045 664 3095; x_wconf 88' lang='lat' dir='ltr'><strong>et</strong></span> <span class='ocrx_word' id='word_1_162' title='bbox 684 3036 831 3115; x_wconf 84' lang='lat' dir='ltr'><strong>Transyl·</strong></span> 
     </span>
     <span class='ocr_line' id='line_1_31' title="bbox 139 3125 831 3204; baseline 0 -20"><span class='ocrx_word' id='word_1_163' title='bbox 139 3128 251 3186; x_wconf 81' lang='lat' dir='ltr'><strong>veniae</strong></span> <span class='ocrx_word' id='word_1_164' title='bbox 268 3125 408 3204; x_wconf 85' lang='lat' dir='ltr'><strong>Supremi</strong></span> <span class='ocrx_word' id='word_1_165' title='bbox 424 3126 548 3185; x_wconf 91' lang='lat' dir='ltr'><strong>militiae</strong></span> <span class='ocrx_word' id='word_1_166' title='bbox 564 3125 724 3185; x_wconf 77' lang='lat' dir='ltr'><strong>Praefecti.</strong></span> <span class='ocrx_word' id='word_1_167' title='bbox 741 3125 831 3184; x_wconf 85' lang='lat' dir='ltr'><strong>Clau·</strong></span> 
     </span>
    </p>
   </div>
   <div class='ocr_carea' id='block_1_9' title="bbox 140 3211 626 3296">
    <p class='ocr_par' dir='ltr' id='par_1_18' title="bbox 140 3211 626 3296">
     <span class='ocr_line' id='line_1_32' title="bbox 140 3211 626 3296; baseline -0.002 -22"><span class='ocrx_word' id='word_1_168' title='bbox 140 3214 265 3296; x_wconf 74' lang='lat' dir='ltr'><strong>sopor.</strong></span> <span class='ocrx_word' id='word_1_169' title='bbox 282 3226 348 3295; x_wconf 57' lang='lat' dir='ltr'><strong>cyp.</strong></span> <span class='ocrx_word' id='word_1_170' title='bbox 364 3215 462 3275; x_wconf 66' lang='lat' dir='ltr'><strong>aeas.</strong></span> <span class='ocrx_word' id='word_1_171' title='bbox 481 3211 578 3277; x_wconf 73' lang='lat' dir='ltr'><strong>tras.</strong></span> <span class='ocrx_word' id='word_1_172' title='bbox 596 3211 626 3277; x_wconf 85' lang='lat' dir='ltr'><strong>s.</strong></span> 
     </span>
    </p>
   </div>
   <div class='ocr_carea' id='block_1_10' title="bbox 431 3352 805 3406">
    <p class='ocr_par' dir='ltr' id='par_1_19' title="bbox 431 3352 805 3406">
     <span class='ocr_line' id='line_1_33' title="bbox 431 3352 805 3406; baseline -0.005 -14"><span class='ocrx_word' id='word_1_173' title='bbox 431 3352 504 3404; x_wconf 80' lang='lat' dir='ltr'><strong>(Serta</strong></span> <span class='ocrx_word' id='word_1_174' title='bbox 517 3357 538 3391; x_wconf 84' lang='lat' dir='ltr'><strong>st</strong></span> <span class='ocrx_word' id='word_1_175' title='bbox 551 3352 630 3402; x_wconf 68' lang='lat' dir='ltr'><strong>Scripta</strong></span> <span class='ocrx_word' id='word_1_176' title='bbox 643 3353 707 3392; x_wconf 78' lang='lat' dir='ltr'><strong>Pror.</strong></span> <span class='ocrx_word' id='word_1_177' title='bbox 722 3352 805 3406; x_wconf 72' lang='lat' dir='ltr'><strong>tarr.)</strong></span> 
     </span>
    </p>
   </div>
   <div class='ocr_carea' id='block_1_11' title="bbox 102 3511 831 3676">
    <p class='ocr_par' dir='ltr' id='par_1_20' title="bbox 102 3511 831 3676">
     <span class='ocr_line' id='line_1_34' title="bbox 140 3511 831 3598; baseline -0.004 -18"><span class='ocrx_word' id='word_1_178' title='bbox 140 3517 376 3598; x_wconf 61' lang='lat' dir='ltr'><strong>taunasim</strong></span> <span class='ocrx_word' id='word_1_179' title='bbox 409 3517 554 3588; x_wconf 82' lang='lat' dir='ltr'><strong>Faunus,</strong></span> <span class='ocrx_word' id='word_1_180' title='bbox 586 3515 748 3596; x_wconf 84' lang='lat' dir='ltr'><strong>Nagyidae</strong></span> <span class='ocrx_word' id='word_1_181' title='bbox 780 3511 831 3577; x_wconf 85' lang='lat'><strong>15.</strong></span> 
     </span>
     <span class='ocr_line' id='line_1_35' title="bbox 102 3602 831 3676; baseline 0.001 -13"><span class='ocrx_word' id='word_1_182' title='bbox 102 3602 166 3665; x_wconf 83' lang='lat' dir='ltr'><strong>Jan.</strong></span> <span class='ocrx_word' id='word_1_183' title='bbox 185 3603 287 3668; x_wconf 80' lang='grc'><strong>1720.</strong></span> <span class='ocrx_word' id='word_1_184' title='bbox 303 3615 402 3676; x_wconf 88' lang='lat' dir='ltr'><strong>natus,</strong></span> <span class='ocrx_word' id='word_1_185' title='bbox 419 3614 450 3666; x_wconf 91' lang='lat' dir='ltr'><strong>et</strong></span> <span class='ocrx_word' id='word_1_186' title='bbox 466 3615 524 3665; x_wconf 87' lang='lat' dir='ltr'><strong>aet.</strong></span> <span class='ocrx_word' id='word_1_187' title='bbox 541 3602 595 3666; x_wconf 90' lang='lat'><strong>20.</strong></span> <span class='ocrx_word' id='word_1_188' title='bbox 612 3605 831 3666; x_wconf 90' lang='lat' dir='ltr'><strong>inSocietatem</strong></span> 
     </span>
    </p>
   </div>
   <div class='ocr_carea' id='block_1_12' title="bbox 101 3685 831 4402">
    <p class='ocr_par' dir='ltr' id='par_1_21' title="bbox 101 3685 831 4402">
     <span class='ocr_line' id='line_1_36' title="bbox 103 3685 831 3775; baseline 0.003 -23"><span class='ocrx_word' id='word_1_189' title='bbox 103 3685 237 3775; x_wconf 80' lang='lat' dir='ltr'><strong>receptus</strong></span> <span class='ocrx_word' id='word_1_190' title='bbox 255 3715 291 3753; x_wconf 88' lang='lat' dir='ltr'><strong>ac</strong></span> <span class='ocrx_word' id='word_1_191' title='bbox 312 3691 335 3755; x_wconf 88' lang='grc'>4</span> <span class='ocrx_word' id='word_1_192' title='bbox 354 3705 429 3754; x_wconf 83' lang='lat' dir='ltr'><strong>vota</strong></span> <span class='ocrx_word' id='word_1_193' title='bbox 447 3696 617 3773; x_wconf 85' lang='lat' dir='ltr'><strong>professus,</strong></span> <span class='ocrx_word' id='word_1_194' title='bbox 641 3695 831 3754; x_wconf 81' lang='lat' dir='ltr'><strong>humaniores</strong></span> 
     </span>
     <span class='ocr_line' id='line_1_37' title="bbox 103 3783 830 3861; baseline -0.003 -17"><span class='ocrx_word' id='word_1_195' title='bbox 103 3785 225 3860; x_wconf 82' lang='lat' dir='ltr'><strong>primum</strong></span> <span class='ocrx_word' id='word_1_196' title='bbox 254 3785 388 3856; x_wconf 89' lang='lat' dir='ltr'><strong>litteras,</strong></span> <span class='ocrx_word' id='word_1_197' title='bbox 420 3794 483 3843; x_wconf 88' lang='lat' dir='ltr'><strong>tum</strong></span> <span class='ocrx_word' id='word_1_198' title='bbox 509 3784 641 3861; x_wconf 82' lang='lat' dir='ltr'><strong>linguam</strong></span> <span class='ocrx_word' id='word_1_199' title='bbox 664 3784 695 3842; x_wconf 90' lang='lat' dir='ltr'><strong>S.</strong></span> <span class='ocrx_word' id='word_1_200' title='bbox 721 3783 830 3844; x_wconf 79' lang='lat' dir='ltr'><strong>Caeso·</strong></span> 
     </span>
     <span class='ocr_line' id='line_1_38' title="bbox 103 3873 830 3952; baseline 0 -20"><span class='ocrx_word' id='word_1_201' title='bbox 103 3873 177 3948; x_wconf 86' lang='lat' dir='ltr'><strong>viae,</strong></span> <span class='ocrx_word' id='word_1_202' title='bbox 202 3873 436 3952; x_wconf 86' lang='lat' dir='ltr'><strong>Philosophiam</strong></span> <span class='ocrx_word' id='word_1_203' title='bbox 460 3873 566 3932; x_wconf 86' lang='lat' dir='ltr'><strong>Budas</strong></span> <span class='ocrx_word' id='word_1_204' title='bbox 590 3881 621 3930; x_wconf 89' lang='lat' dir='ltr'><strong>et</strong></span> <span class='ocrx_word' id='word_1_205' title='bbox 644 3873 830 3950; x_wconf 85' lang='lat' dir='ltr'><strong>Tyrnaviae,</strong></span> 
     </span>
     <span class='ocr_line' id='line_1_39' title="bbox 101 3961 829 4024; baseline 0.004 -5"><span class='ocrx_word' id='word_1_206' title='bbox 101 3961 206 4024; x_wconf 87' lang='lat' dir='ltr'><strong>ibidem</strong></span> <span class='ocrx_word' id='word_1_207' title='bbox 239 3973 270 4022; x_wconf 90' lang='lat' dir='ltr'><strong>et</strong></span> <span class='ocrx_word' id='word_1_208' title='bbox 301 3962 421 4022; x_wconf 78' lang='lat' dir='ltr'><strong>daurini</strong></span> <span class='ocrx_word' id='word_1_209' title='bbox 443 3962 677 4021; x_wconf 87' lang='lat' dir='ltr'><strong>Controversias</strong></span> <span class='ocrx_word' id='word_1_210' title='bbox 709 3971 740 4020; x_wconf 89' lang='lat' dir='ltr'><strong>ct</strong></span> <span class='ocrx_word' id='word_1_211' title='bbox 770 3963 829 4022; x_wconf 86' lang='lat' dir='ltr'><strong>Jus</strong></span> 
     </span>
     <span class='ocr_line' id='line_1_40' title="bbox 101 4047 829 4114; baseline 0.003 -6"><span class='ocrx_word' id='word_1_212' title='bbox 101 4047 286 4112; x_wconf 86' lang='lat' dir='ltr'><strong>Pontificium</strong></span> <span class='ocrx_word' id='word_1_213' title='bbox 303 4052 426 4110; x_wconf 89' lang='lat' dir='ltr'><strong>tradidit</strong></span> <span class='ocrx_word' id='word_1_214' title='bbox 448 4061 479 4110; x_wconf 90' lang='lat' dir='ltr'><strong>et</strong></span> <span class='ocrx_word' id='word_1_215' title='bbox 500 4051 537 4110; x_wconf 92' lang='lat' dir='ltr'><strong>ab</strong></span> <span class='ocrx_word' id='word_1_216' title='bbox 560 4071 638 4110; x_wconf 89' lang='lat' dir='ltr'><strong>anno</strong></span> <span class='ocrx_word' id='word_1_217' title='bbox 661 4049 759 4114; x_wconf 90' lang='grc'><strong>1766.</strong></span> <span class='ocrx_word' id='word_1_218' title='bbox 780 4071 829 4110; x_wconf 83' lang='grc'><strong>00·</strong></span> 
     </span>
     <span class='ocr_line' id='line_1_41' title="bbox 101 4139 829 4220; baseline 0 -20"><span class='ocrx_word' id='word_1_219' title='bbox 101 4139 360 4218; x_wconf 87' lang='lat' dir='ltr'><strong>quead‘sublatum</strong></span> <span class='ocrx_word' id='word_1_220' title='bbox 371 4140 514 4201; x_wconf 89' lang='lat' dir='ltr'><strong>Ordinem</strong></span> <span class='ocrx_word' id='word_1_221' title='bbox 525 4141 664 4220; x_wconf 87' lang='lat' dir='ltr'><strong>superior</strong></span> <span class='ocrx_word' id='word_1_222' title='bbox 675 4140 829 4201; x_wconf 86' lang='lat' dir='ltr'><strong>Patakini.</strong></span> 
     </span>
     <span class='ocr_line' id='line_1_42' title="bbox 161 4230 385 4308; baseline -0.009 -18"><span class='ocrx_word' id='word_1_223' title='bbox 161 4231 261 4308; x_wconf 84' lang='lat' dir='ltr'><strong>Cujus</strong></span> <span class='ocrx_word' id='word_1_224' title='bbox 277 4230 385 4290; x_wconf 90' lang='lat' dir='ltr'><strong>latine:</strong></span> 
     </span>
     <span class='ocr_line' id='line_1_43' title="bbox 103 4315 829 4402; baseline 0.003 -24"><span class='ocrx_word' id='word_1_225' title='bbox 103 4315 256 4380; x_wconf 78' lang='lat' dir='ltr'><strong>Vindicius</strong></span> <span class='ocrx_word' id='word_1_226' title='bbox 272 4319 379 4378; x_wconf 88' lang='lat' dir='ltr'><strong>illibati</strong></span> <span class='ocrx_word' id='word_1_227' title='bbox 399 4317 570 4400; x_wconf 82' lang='lat' dir='ltr'><strong>Conceptus</strong></span> <span class='ocrx_word' id='word_1_228' title='bbox 587 4319 725 4380; x_wconf 79' lang='lat' dir='ltr'><strong>blasiani.</strong></span> <span class='ocrx_word' id='word_1_229' title='bbox 750 4322 829 4402; x_wconf 88' lang='lat' dir='ltr'><strong>Tyr·</strong></span> 
     </span>
    </p>
   </div>
   <div class='ocr_carea' id='block_1_13' title="bbox 138 4405 807 4601">
    <p class='ocr_par' dir='ltr' id='par_1_22' title="bbox 138 4405 807 4601">
     <span class='ocr_line' id='line_1_44' title="bbox 138 4405 414 4470; baseline -0.004 -2"><span class='ocrx_word' id='word_1_230' title='bbox 138 4410 247 4470; x_wconf 87' lang='lat' dir='ltr'><strong>navias</strong></span> <span class='ocrx_word' id='word_1_231' title='bbox 267 4405 363 4470; x_wconf 87' lang='grc'><strong>1748.</strong></span> <span class='ocrx_word' id='word_1_232' title='bbox 380 4406 414 4468; x_wconf 86' lang='grc'><strong>4.</strong></span> 
     </span>
     <span class='ocr_line' id='line_1_45' title="bbox 681 4547 807 4601; baseline 0.024 -3"><span class='ocrx_word' id='word_1_233' title='bbox 681 4547 728 4598; x_wconf 60' lang='grc' dir='ltr'><strong>(ι’-ε</strong></span> <span class='ocrx_word' id='word_1_234' title='bbox 730 4555 791 4587; x_wconf 69' lang='lat'><strong>······</strong></span> <span class='ocrx_word' id='word_1_235' title='bbox 794 4549 807 4601; x_wconf 74' lang='lat' dir='ltr'><strong>r</strong></span> 
     </span>
    </p>
   </div>
   <div class='ocr_carea' id='block_1_14' title="bbox 100 4709 833 5148">
    <p class='ocr_par' dir='ltr' id='par_1_23' title="bbox 100 4709 833 5148">
     <span class='ocr_line' id='line_1_46' title="bbox 139 4709 833 4788; baseline -0.004 -17"><span class='ocrx_word' id='word_1_236' title='bbox 139 4709 284 4772; x_wconf 73' lang='lat' dir='ltr'><strong>JAGOBS</strong></span> <span class='ocrx_word' id='word_1_237' title='bbox 320 4709 461 4782; x_wconf 66' lang='lat' dir='ltr'><strong>Parmos,</strong></span> <span class='ocrx_word' id='word_1_238' title='bbox 505 4709 620 4788; x_wconf 81' lang='lat' dir='ltr'><strong>Belga,</strong></span> <span class='ocrx_word' id='word_1_239' title='bbox 653 4711 833 4770; x_wconf 86' lang='lat' dir='ltr'><strong>Diesthemii</strong></span> 
     </span>
     <span class='ocr_line' id='line_1_47' title="bbox 100 4795 832 4873; baseline 0.01 -21"><span class='ocrx_word' id='word_1_240' title='bbox 100 4795 127 4854; x_wconf 91' lang='lat' dir='ltr'><strong>in</strong></span> <span class='ocrx_word' id='word_1_241' title='bbox 141 4797 310 4859; x_wconf 84' lang='lat' dir='ltr'><strong>Brabantia</strong></span> <span class='ocrx_word' id='word_1_242' title='bbox 328 4798 378 4860; x_wconf 86' lang='grc'><strong>16.</strong></span> <span class='ocrx_word' id='word_1_243' title='bbox 396 4799 498 4858; x_wconf 85' lang='lat' dir='ltr'><strong>Martii</strong></span> <span class='ocrx_word' id='word_1_244' title='bbox 518 4798 620 4860; x_wconf 89' lang='grc'><strong>1781.</strong></span> <span class='ocrx_word' id='word_1_245' title='bbox 642 4809 747 4873; x_wconf 91' lang='lat' dir='ltr'><strong>natus,</strong></span> <span class='ocrx_word' id='word_1_246' title='bbox 773 4811 832 4859; x_wconf 90' lang='lat' dir='ltr'><strong>aet.</strong></span> 
     </span>
     <span class='ocr_line' id='line_1_48' title="bbox 100 4881 832 4968; baseline 0.005 -24"><span class='ocrx_word' id='word_1_247' title='bbox 100 4881 148 4946; x_wconf 91' lang='lat'><strong>22.</strong></span> <span class='ocrx_word' id='word_1_248' title='bbox 164 4888 324 4966; x_wconf 89' lang='lat' dir='ltr'><strong>Petropoli</strong></span> <span class='ocrx_word' id='word_1_249' title='bbox 340 4890 369 4948; x_wconf 92' lang='lat' dir='ltr'><strong>in</strong></span> <span class='ocrx_word' id='word_1_250' title='bbox 385 4889 499 4948; x_wconf 82' lang='lat' dir='ltr'><strong>Russia</strong></span> <span class='ocrx_word' id='word_1_251' title='bbox 514 4889 702 4949; x_wconf 84' lang='lat' dir='ltr'><strong>Societatem</strong></span> <span class='ocrx_word' id='word_1_252' title='bbox 718 4891 832 4968; x_wconf 86' lang='lat' dir='ltr'><strong>ingres-</strong></span> 
     </span>
     <span class='ocr_line' id='line_1_49' title="bbox 100 4977 833 5054; baseline 0.011 -24"><span class='ocrx_word' id='word_1_253' title='bbox 100 4993 146 5034; x_wconf 87' lang='lat' dir='ltr'><strong>sus</strong></span> <span class='ocrx_word' id='word_1_254' title='bbox 162 4988 222 5054; x_wconf 86' lang='lat' dir='ltr'><strong>est;</strong></span> <span class='ocrx_word' id='word_1_255' title='bbox 241 4977 355 5036; x_wconf 88' lang='lat' dir='ltr'><strong>scilicet</strong></span> <span class='ocrx_word' id='word_1_256' title='bbox 371 4997 437 5036; x_wconf 91' lang='lat' dir='ltr'><strong>cum</strong></span> <span class='ocrx_word' id='word_1_257' title='bbox 453 4980 483 5038; x_wconf 89' lang='lat' dir='ltr'><strong>in</strong></span> <span class='ocrx_word' id='word_1_258' title='bbox 500 4999 556 5038; x_wconf 89' lang='lat' dir='ltr'><strong>sua</strong></span> <span class='ocrx_word' id='word_1_259' title='bbox 578 4979 686 5038; x_wconf 88' lang='lat' dir='ltr'><strong>Patria</strong></span> <span class='ocrx_word' id='word_1_260' title='bbox 702 4980 833 5038; x_wconf 85' lang='lat' dir='ltr'><strong>occasio·</strong></span> 
     </span>
     <span class='ocr_line' id='line_1_50' title="bbox 100 5067 829 5148; baseline 0.007 -25"><span class='ocrx_word' id='word_1_261' title='bbox 100 5083 134 5123; x_wconf 89' lang='lat' dir='ltr'><strong>us</strong></span> <span class='ocrx_word' id='word_1_262' title='bbox 153 5067 365 5128; x_wconf 80' lang='lat' dir='ltr'><strong>Resolutionis</strong></span> <span class='ocrx_word' id='word_1_263' title='bbox 397 5068 534 5127; x_wconf 83' lang='lat' dir='ltr'><strong>Gallicae</strong></span> <span class='ocrx_word' id='word_1_264' title='bbox 566 5070 707 5128; x_wconf 88' lang='lat' dir='ltr'><strong>immanis</strong></span> <span class='ocrx_word' id='word_1_265' title='bbox 730 5089 829 5148; x_wconf 89' lang='lat' dir='ltr'><strong>perse·</strong></span> 
     </span>
    </p>
   </div>
   <div class='ocr_carea' id='block_1_15' title="bbox 886 671 1622 3880">
    <p class='ocr_par' dir='ltr' id='par_1_24' title="bbox 888 671 1621 752">
     <span class='ocr_line' id='line_1_51' title="bbox 888 671 1621 752; baseline 0.008 -19"><span class='ocrx_word' id='word_1_266' title='bbox 888 674 989 752; x_wconf 89' lang='lat' dir='ltr'><strong>petiit,</strong></span> <span class='ocrx_word' id='word_1_267' title='bbox 1013 671 1064 730; x_wconf 92' lang='lat' dir='ltr'><strong>nbi</strong></span> <span class='ocrx_word' id='word_1_268' title='bbox 1081 671 1190 731; x_wconf 85' lang='lat' dir='ltr'><strong>certior</strong></span> <span class='ocrx_word' id='word_1_269' title='bbox 1206 675 1317 748; x_wconf 83' lang='lat' dir='ltr'><strong>faetus,</strong></span> <span class='ocrx_word' id='word_1_270' title='bbox 1341 675 1479 738; x_wconf 85' lang='lat' dir='ltr'><strong>Jesuitas</strong></span> <span class='ocrx_word' id='word_1_271' title='bbox 1496 680 1527 738; x_wconf 90' lang='lat' dir='ltr'><strong>in</strong></span> <span class='ocrx_word' id='word_1_272' title='bbox 1542 678 1621 738; x_wconf 86' lang='lat' dir='ltr'><strong>Rus-</strong></span> 
     </span>
    </p>

    <p class='ocr_par' dir='ltr' id='par_1_25' title="bbox 889 760 1621 846">
     <span class='ocr_line' id='line_1_52' title="bbox 889 760 1621 846; baseline 0.012 -26"><span class='ocrx_word' id='word_1_273' title='bbox 889 763 936 822; x_wconf 90' lang='lat' dir='ltr'><strong>sia</strong></span> <span class='ocrx_word' id='word_1_274' title='bbox 951 781 1086 840; x_wconf 90' lang='lat' dir='ltr'><strong>eousque</strong></span> <span class='ocrx_word' id='word_1_275' title='bbox 1103 760 1285 834; x_wconf 87' lang='lat' dir='ltr'><strong>subsistere,</strong></span> <span class='ocrx_word' id='word_1_276' title='bbox 1309 764 1448 828; x_wconf 84' lang='lat' dir='ltr'><strong>Londino</strong></span> <span class='ocrx_word' id='word_1_277' title='bbox 1470 787 1526 846; x_wconf 88' lang='lat' dir='ltr'><strong>per</strong></span> <span class='ocrx_word' id='word_1_278' title='bbox 1547 766 1621 829; x_wconf 89' lang='lat' dir='ltr'><strong>Sue-</strong></span> 
     </span>
    </p>

    <p class='ocr_par' dir='ltr' id='par_1_26' title="bbox 890 850 1620 937">
     <span class='ocr_line' id='line_1_53' title="bbox 890 850 1620 937; baseline 0.011 -27"><span class='ocrx_word' id='word_1_279' title='bbox 890 851 965 910; x_wconf 89' lang='lat' dir='ltr'><strong>ciam</strong></span> <span class='ocrx_word' id='word_1_280' title='bbox 988 851 1046 910; x_wconf 90' lang='lat' dir='ltr'><strong>iter</strong></span> <span class='ocrx_word' id='word_1_281' title='bbox 1072 850 1201 909; x_wconf 91' lang='lat' dir='ltr'><strong>instituit</strong></span> <span class='ocrx_word' id='word_1_282' title='bbox 1228 851 1429 933; x_wconf 88' lang='lat' dir='ltr'><strong>Petropolim,</strong></span> <span class='ocrx_word' id='word_1_283' title='bbox 1458 857 1556 937; x_wconf 92' lang='lat' dir='ltr'><strong>ibique</strong></span> <span class='ocrx_word' id='word_1_284' title='bbox 1582 857 1620 918; x_wconf 92' lang='lat' dir='ltr'><strong>ab</strong></span> 
     </span>
    </p>

    <p class='ocr_par' dir='ltr' id='par_1_27' title="bbox 889 939 1620 1025">
     <span class='ocr_line' id='line_1_54' title="bbox 889 939 1620 1025; baseline 0.011 -25"><span class='ocrx_word' id='word_1_285' title='bbox 889 941 928 1000; x_wconf 84' lang='lat' dir='ltr'><strong>A.</strong></span> <span class='ocrx_word' id='word_1_286' title='bbox 944 941 983 999; x_wconf 86' lang='lat' dir='ltr'><strong>R.</strong></span> <span class='ocrx_word' id='word_1_287' title='bbox 999 940 1039 998; x_wconf 93' lang='lat' dir='ltr'><strong>P.</strong></span> <span class='ocrx_word' id='word_1_288' title='bbox 1059 939 1202 1000; x_wconf 85' lang='lat' dir='ltr'><strong>Gabriele</strong></span> <span class='ocrx_word' id='word_1_289' title='bbox 1219 940 1340 1002; x_wconf 91' lang='lat' dir='ltr'><strong>Gruber</strong></span> <span class='ocrx_word' id='word_1_290' title='bbox 1359 945 1543 1025; x_wconf 85' lang='lat' dir='ltr'><strong>Praeposito</strong></span> <span class='ocrx_word' id='word_1_291' title='bbox 1561 946 1620 1008; x_wconf 86' lang='lat' dir='ltr'><strong>Ge-</strong></span> 
     </span>
    </p>

    <p class='ocr_par' dir='ltr' id='par_1_28' title="bbox 889 1027 1621 1096">
     <span class='ocr_line' id='line_1_55' title="bbox 889 1027 1621 1096; baseline 0.011 -8"><span class='ocrx_word' id='word_1_292' title='bbox 889 1027 984 1088; x_wconf 86' lang='lat' dir='ltr'><strong>nerali</strong></span> <span class='ocrx_word' id='word_1_293' title='bbox 1014 1029 1044 1087; x_wconf 92' lang='lat' dir='ltr'><strong>in</strong></span> <span class='ocrx_word' id='word_1_294' title='bbox 1076 1028 1259 1089; x_wconf 86' lang='lat' dir='ltr'><strong>Societatem</strong></span> <span class='ocrx_word' id='word_1_295' title='bbox 1284 1031 1430 1095; x_wconf 86' lang='lat' dir='ltr'><strong>admissus</strong></span> <span class='ocrx_word' id='word_1_296' title='bbox 1461 1046 1516 1096; x_wconf 88' lang='lat' dir='ltr'><strong>est.</strong></span> <span class='ocrx_word' id='word_1_297' title='bbox 1541 1037 1621 1096; x_wconf 81' lang='lat' dir='ltr'><strong>&#39;Pum</strong></span> 
     </span>
    </p>

    <p class='ocr_par' dir='ltr' id='par_1_29' title="bbox 888 1116 1618 1197">
     <span class='ocr_line' id='line_1_56' title="bbox 888 1116 1618 1197; baseline 0.014 -21"><span class='ocrx_word' id='word_1_298' title='bbox 888 1117 1044 1178; x_wconf 89' lang='lat' dir='ltr'><strong>Polociam</strong></span> <span class='ocrx_word' id='word_1_299' title='bbox 1060 1117 1089 1175; x_wconf 90' lang='lat' dir='ltr'><strong>in</strong></span> <span class='ocrx_word' id='word_1_300' title='bbox 1110 1116 1194 1177; x_wconf 87' lang='lat' dir='ltr'><strong>Alba</strong></span> <span class='ocrx_word' id='word_1_301' title='bbox 1216 1119 1328 1180; x_wconf 86' lang='lat' dir='ltr'><strong>Russia</strong></span> <span class='ocrx_word' id='word_1_302' title='bbox 1347 1125 1470 1197; x_wconf 89' lang='lat' dir='ltr'><strong>missus,</strong></span> <span class='ocrx_word' id='word_1_303' title='bbox 1493 1125 1534 1184; x_wconf 91' lang='lat' dir='ltr'><strong>ibi</strong></span> <span class='ocrx_word' id='word_1_304' title='bbox 1556 1127 1618 1185; x_wconf 89' lang='lat' dir='ltr'><strong>No-</strong></span> 
     </span>
    </p>

    <p class='ocr_par' dir='ltr' id='par_1_30' title="bbox 889 1208 1620 1294">
     <span class='ocr_line' id='line_1_57' title="bbox 889 1208 1620 1294; baseline 0.015 -30"><span class='ocrx_word' id='word_1_305' title='bbox 889 1209 1035 1266; x_wconf 88' lang='lat' dir='ltr'><strong>viciatum</strong></span> <span class='ocrx_word' id='word_1_306' title='bbox 1050 1208 1169 1285; x_wconf 81' lang='lat' dir='ltr'><strong>peregit</strong></span> <span class='ocrx_word' id='word_1_307' title='bbox 1184 1216 1275 1288; x_wconf 88' lang='lat' dir='ltr'><strong>atque</strong></span> <span class='ocrx_word' id='word_1_308' title='bbox 1290 1209 1398 1272; x_wconf 87' lang='lat' dir='ltr'><strong>Studia</strong></span> <span class='ocrx_word' id='word_1_309' title='bbox 1412 1214 1620 1294; x_wconf 85' lang='lat' dir='ltr'><strong>philosophica</strong></span> 
     </span>
    </p>

    <p class='ocr_par' dir='ltr' id='par_1_31' title="bbox 889 1295 1619 1373">
     <span class='ocr_line' id='line_1_58' title="bbox 889 1295 1619 1373; baseline 0.011 -18"><span class='ocrx_word' id='word_1_310' title='bbox 889 1305 920 1356; x_wconf 94' lang='lat' dir='ltr'><strong>et</strong></span> <span class='ocrx_word' id='word_1_311' title='bbox 936 1295 1105 1373; x_wconf 89' lang='lat' dir='ltr'><strong>theologica</strong></span> <span class='ocrx_word' id='word_1_312' title='bbox 1120 1316 1186 1354; x_wconf 90' lang='lat' dir='ltr'><strong>curn</strong></span> <span class='ocrx_word' id='word_1_313' title='bbox 1202 1297 1289 1358; x_wconf 91' lang='lat' dir='ltr'><strong>laude</strong></span> <span class='ocrx_word' id='word_1_314' title='bbox 1310 1301 1449 1362; x_wconf 90' lang='lat' dir='ltr'><strong>absolvit.</strong></span> <span class='ocrx_word' id='word_1_315' title='bbox 1474 1303 1619 1364; x_wconf 89' lang='lat' dir='ltr'><strong>Sacerdo-</strong></span> 
     </span>
    </p>

    <p class='ocr_par' dir='ltr' id='par_1_32' title="bbox 889 1382 1620 1469">
     <span class='ocr_line' id='line_1_59' title="bbox 889 1382 1620 1469; baseline 0.014 -25"><span class='ocrx_word' id='word_1_316' title='bbox 889 1387 932 1444; x_wconf 87' lang='grc'><strong>110</strong></span> <span class='ocrx_word' id='word_1_317' title='bbox 949 1386 1083 1444; x_wconf 90' lang='lat' dir='ltr'><strong>initiatus</strong></span> <span class='ocrx_word' id='word_1_318' title='bbox 1099 1395 1131 1443; x_wconf 92' lang='lat' dir='ltr'><strong>et</strong></span> <span class='ocrx_word' id='word_1_319' title='bbox 1146 1382 1168 1445; x_wconf 89' lang='grc'><strong>4</strong></span> <span class='ocrx_word' id='word_1_320' title='bbox 1184 1395 1258 1444; x_wconf 84' lang='lat' dir='ltr'><strong>vota</strong></span> <span class='ocrx_word' id='word_1_321' title='bbox 1272 1392 1429 1469; x_wconf 81' lang='lat' dir='ltr'><strong>professus</strong></span> <span class='ocrx_word' id='word_1_322' title='bbox 1445 1395 1556 1453; x_wconf 90' lang='lat' dir='ltr'><strong>missus</strong></span> <span class='ocrx_word' id='word_1_323' title='bbox 1572 1401 1620 1454; x_wconf 88' lang='lat' dir='ltr'><strong>est</strong></span> 
     </span>
    </p>

    <p class='ocr_par' dir='ltr' id='par_1_33' title="bbox 888 1475 1619 1549">
     <span class='ocr_line' id='line_1_60' title="bbox 888 1475 1619 1549; baseline 0.011 -15"><span class='ocrx_word' id='word_1_324' title='bbox 888 1475 919 1534; x_wconf 89' lang='lat' dir='ltr'><strong>in</strong></span> <span class='ocrx_word' id='word_1_325' title='bbox 944 1475 1104 1534; x_wconf 89' lang='lat' dir='ltr'><strong>Missiones</strong></span> <span class='ocrx_word' id='word_1_326' title='bbox 1121 1475 1269 1549; x_wconf 88' lang='lat' dir='ltr'><strong>asiaticas,</strong></span> <span class='ocrx_word' id='word_1_327' title='bbox 1290 1480 1343 1539; x_wconf 92' lang='lat' dir='ltr'><strong>ubi</strong></span> <span class='ocrx_word' id='word_1_328' title='bbox 1369 1481 1450 1542; x_wconf 89' lang='lat' dir='ltr'><strong>ultra</strong></span> <span class='ocrx_word' id='word_1_329' title='bbox 1472 1481 1511 1544; x_wconf 93' lang='grc'><strong>11</strong></span> <span class='ocrx_word' id='word_1_330' title='bbox 1534 1483 1619 1542; x_wconf 89' lang='lat' dir='ltr'><strong>annis</strong></span> 
     </span>
    </p>

    <p class='ocr_par' dir='ltr' id='par_1_34' title="bbox 888 1563 1620 1820">
     <span class='ocr_line' id='line_1_61' title="bbox 889 1563 1620 1632; baseline 0.015 -10"><span class='ocrx_word' id='word_1_331' title='bbox 889 1573 952 1623; x_wconf 90' lang='lat' dir='ltr'><strong>tum</strong></span> <span class='ocrx_word' id='word_1_332' title='bbox 968 1565 999 1622; x_wconf 92' lang='lat' dir='ltr'><strong>in</strong></span> <span class='ocrx_word' id='word_1_333' title='bbox 1016 1563 1150 1623; x_wconf 85' lang='lat' dir='ltr'><strong>Coloniis</strong></span> <span class='ocrx_word' id='word_1_334' title='bbox 1167 1563 1441 1630; x_wconf 82' lang='lat' dir='ltr'><strong>Saratowiensibus</strong></span> <span class='ocrx_word' id='word_1_335' title='bbox 1454 1570 1620 1632; x_wconf 80' lang='lat' dir='ltr'><strong>Germano·</strong></span> 
     </span>
     <span class='ocr_line' id='line_1_62' title="bbox 888 1653 1620 1732; baseline 0.014 -20"><span class='ocrx_word' id='word_1_336' title='bbox 888 1674 955 1713; x_wconf 90' lang='lat' dir='ltr'><strong>rum</strong></span> <span class='ocrx_word' id='word_1_337' title='bbox 968 1653 1108 1732; x_wconf 90' lang='lat' dir='ltr'><strong>adripam</strong></span> <span class='ocrx_word' id='word_1_338' title='bbox 1118 1653 1236 1730; x_wconf 89' lang='lat' dir='ltr'><strong>Volgae</strong></span> <span class='ocrx_word' id='word_1_339' title='bbox 1253 1665 1315 1716; x_wconf 91' lang='lat' dir='ltr'><strong>tum</strong></span> <span class='ocrx_word' id='word_1_340' title='bbox 1338 1659 1529 1720; x_wconf 83' lang='lat' dir='ltr'><strong>Astrochanii</strong></span> <span class='ocrx_word' id='word_1_341' title='bbox 1544 1671 1620 1722; x_wconf 88' lang='lat' dir='ltr'><strong>stre-</strong></span> 
     </span>
     <span class='ocr_line' id='line_1_63' title="bbox 889 1742 1619 1820; baseline 0.014 -19"><span class='ocrx_word' id='word_1_342' title='bbox 889 1762 982 1801; x_wconf 91' lang='lat' dir='ltr'><strong>nuum</strong></span> <span class='ocrx_word' id='word_1_343' title='bbox 1006 1743 1069 1820; x_wconf 91' lang='lat' dir='ltr'><strong>egit</strong></span> <span class='ocrx_word' id='word_1_344' title='bbox 1098 1742 1333 1806; x_wconf 86' lang='lat' dir='ltr'><strong>Missionarium.</strong></span> <span class='ocrx_word' id='word_1_345' title='bbox 1359 1747 1434 1807; x_wconf 78' lang='lat' dir='ltr'><strong>(lum</strong></span> <span class='ocrx_word' id='word_1_346' title='bbox 1450 1770 1523 1809; x_wconf 84' lang='lat' dir='ltr'><strong>varo</strong></span> <span class='ocrx_word' id='word_1_347' title='bbox 1541 1771 1619 1812; x_wconf 87' lang='lat' dir='ltr'><strong>auno</strong></span> 
     </span>
    </p>

    <p class='ocr_par' dir='ltr' id='par_1_35' title="bbox 891 1828 1619 1917">
     <span class='ocr_line' id='line_1_64' title="bbox 891 1828 1619 1917; baseline 0.012 -25"><span class='ocrx_word' id='word_1_348' title='bbox 891 1829 989 1892; x_wconf 89' lang='lat'><strong>1820.</strong></span> <span class='ocrx_word' id='word_1_349' title='bbox 1007 1828 1145 1890; x_wconf 86' lang='lat' dir='ltr'><strong>Societas</strong></span> <span class='ocrx_word' id='word_1_350' title='bbox 1165 1831 1187 1890; x_wconf 85' lang='lat' dir='ltr'>J</span> <span class='ocrx_word' id='word_1_351' title='bbox 1190 1851 1244 1890; x_wconf 91' lang='lat' dir='ltr'><strong>esu</strong></span> <span class='ocrx_word' id='word_1_352' title='bbox 1259 1855 1297 1894; x_wconf 83' lang='lat' dir='ltr'><strong>ex</strong></span> <span class='ocrx_word' id='word_1_353' title='bbox 1325 1837 1456 1917; x_wconf 84' lang='lat' dir='ltr'><strong>imperio</strong></span> <span class='ocrx_word' id='word_1_354' title='bbox 1472 1840 1619 1901; x_wconf 85' lang='lat' dir='ltr'><strong>Russiaco</strong></span> 
     </span>
    </p>

    <p class='ocr_par' dir='ltr' id='par_1_36' title="bbox 888 1921 1619 2001">
     <span class='ocr_line' id='line_1_65' title="bbox 888 1921 1619 2001; baseline 0.015 -21"><span class='ocrx_word' id='word_1_355' title='bbox 888 1921 1013 1980; x_wconf 86' lang='lat' dir='ltr'><strong>exulare</strong></span> <span class='ocrx_word' id='word_1_356' title='bbox 1026 1929 1196 1997; x_wconf 85' lang='lat' dir='ltr'><strong>cogeretur,</strong></span> <span class='ocrx_word' id='word_1_357' title='bbox 1207 1921 1272 2001; x_wconf 88' lang='lat' dir='ltr'><strong>ipse</strong></span> <span class='ocrx_word' id='word_1_358' title='bbox 1286 1925 1317 1984; x_wconf 89' lang='lat' dir='ltr'><strong>in</strong></span> <span class='ocrx_word' id='word_1_359' title='bbox 1326 1924 1475 1987; x_wconf 86' lang='lat' dir='ltr'><strong>Galiciam</strong></span> <span class='ocrx_word' id='word_1_360' title='bbox 1482 1929 1619 1994; x_wconf 74' lang='lat' dir='ltr'><strong>dustria·</strong></span> 
     </span>
    </p>

    <p class='ocr_par' dir='ltr' id='par_1_37' title="bbox 888 2009 1620 2278">
     <span class='ocr_line' id='line_1_66' title="bbox 889 2009 1619 2082; baseline 0.015 -14"><span class='ocrx_word' id='word_1_361' title='bbox 889 2029 953 2069; x_wconf 89' lang='lat' dir='ltr'><strong>cam</strong></span> <span class='ocrx_word' id='word_1_362' title='bbox 967 2009 1062 2082; x_wconf 84' lang='lat' dir='ltr'><strong>venit,</strong></span> <span class='ocrx_word' id='word_1_363' title='bbox 1076 2009 1129 2068; x_wconf 91' lang='lat' dir='ltr'><strong>ubi</strong></span> <span class='ocrx_word' id='word_1_364' title='bbox 1144 2010 1323 2074; x_wconf 81' lang='lat' dir='ltr'><strong>Franciscus</strong></span> <span class='ocrx_word' id='word_1_365' title='bbox 1346 2016 1371 2075; x_wconf 94' lang='lat'><strong>1.</strong></span> <span class='ocrx_word' id='word_1_366' title='bbox 1388 2016 1483 2076; x_wconf 84' lang='lat' dir='ltr'><strong>felicis</strong></span> <span class='ocrx_word' id='word_1_367' title='bbox 1506 2020 1619 2079; x_wconf 89' lang='lat' dir='ltr'><strong>Memo-</strong></span> 
     </span>
     <span class='ocr_line' id='line_1_67' title="bbox 888 2097 1620 2188; baseline 0.015 -30"><span class='ocrx_word' id='word_1_368' title='bbox 888 2099 952 2158; x_wconf 90' lang='lat' dir='ltr'><strong>riae</strong></span> <span class='ocrx_word' id='word_1_369' title='bbox 977 2097 1123 2158; x_wconf 84' lang='lat' dir='ltr'><strong>Austriae</strong></span> <span class='ocrx_word' id='word_1_370' title='bbox 1145 2099 1317 2180; x_wconf 91' lang='lat' dir='ltr'><strong>Imperator</strong></span> <span class='ocrx_word' id='word_1_371' title='bbox 1336 2125 1392 2184; x_wconf 92' lang='lat' dir='ltr'><strong>pro</strong></span> <span class='ocrx_word' id='word_1_372' title='bbox 1413 2106 1472 2166; x_wconf 90' lang='lat' dir='ltr'><strong>lide</strong></span> <span class='ocrx_word' id='word_1_373' title='bbox 1488 2108 1620 2188; x_wconf 87' lang='lat' dir='ltr'><strong>Religio·</strong></span> 
     </span>
     <span class='ocr_line' id='line_1_68' title="bbox 888 2186 1620 2278; baseline 0.012 -30"><span class='ocrx_word' id='word_1_374' title='bbox 888 2189 936 2248; x_wconf 92' lang='lat' dir='ltr'><strong>nis</strong></span> <span class='ocrx_word' id='word_1_375' title='bbox 974 2186 1079 2248; x_wconf 86' lang='lat' dir='ltr'><strong>exules</strong></span> <span class='ocrx_word' id='word_1_376' title='bbox 1109 2190 1331 2266; x_wconf 85' lang='lat' dir='ltr'><strong>gratiosissime</strong></span> <span class='ocrx_word' id='word_1_377' title='bbox 1351 2196 1486 2274; x_wconf 87' lang='lat' dir='ltr'><strong>suscepit</strong></span> <span class='ocrx_word' id='word_1_378' title='bbox 1516 2197 1620 2278; x_wconf 91' lang='lat' dir='ltr'><strong>eisque</strong></span> 
     </span>
    </p>

    <p class='ocr_par' dir='ltr' id='par_1_38' title="bbox 888 2277 1620 2366">
     <span class='ocr_line' id='line_1_69' title="bbox 888 2277 1620 2366; baseline 0.012 -30"><span class='ocrx_word' id='word_1_379' title='bbox 888 2279 1042 2358; x_wconf 88' lang='lat' dir='ltr'><strong>Lycaeum</strong></span> <span class='ocrx_word' id='word_1_380' title='bbox 1061 2277 1338 2358; x_wconf 82' lang='lat' dir='ltr'><strong>&#39;Parnopolitanum</strong></span> <span class='ocrx_word' id='word_1_381' title='bbox 1359 2284 1495 2359; x_wconf 86' lang='lat' dir='ltr'><strong>confidit,</strong></span> <span class='ocrx_word' id='word_1_382' title='bbox 1519 2286 1620 2366; x_wconf 89' lang='lat' dir='ltr'><strong>ibique</strong></span> 
     </span>
    </p>

    <p class='ocr_par' dir='ltr' id='par_1_39' title="bbox 888 2361 1620 2455">
     <span class='ocr_line' id='line_1_70' title="bbox 888 2361 1620 2455; baseline 0.012 -28"><span class='ocrx_word' id='word_1_383' title='bbox 888 2388 944 2447; x_wconf 90' lang='lat' dir='ltr'><strong>per</strong></span> <span class='ocrx_word' id='word_1_384' title='bbox 969 2361 1121 2427; x_wconf 73' lang='grc'><strong>800000</strong></span> <span class='ocrx_word' id='word_1_385' title='bbox 1161 2367 1368 2432; x_wconf 86' lang='lat' dir='ltr'><strong>Professorem</strong></span> <span class='ocrx_word' id='word_1_386' title='bbox 1403 2373 1620 2455; x_wconf 87' lang='lat' dir='ltr'><strong>Philosophiae</strong></span> 
     </span>
    </p>

    <p class='ocr_par' dir='ltr' id='par_1_40' title="bbox 888 2455 1619 2539">
     <span class='ocr_line' id='line_1_71' title="bbox 888 2455 1619 2539; baseline 0.01 -22"><span class='ocrx_word' id='word_1_387' title='bbox 888 2455 1056 2535; x_wconf 85' lang='lat' dir='ltr'><strong>Religionis</strong></span> <span class='ocrx_word' id='word_1_388' title='bbox 1072 2456 1144 2535; x_wconf 89' lang='lat' dir='ltr'><strong>egit.</strong></span> <span class='ocrx_word' id='word_1_389' title='bbox 1159 2459 1240 2520; x_wconf 92' lang='lat' dir='ltr'><strong>Dein</strong></span> <span class='ocrx_word' id='word_1_390' title='bbox 1255 2481 1310 2539; x_wconf 89' lang='lat' dir='ltr'><strong>per</strong></span> <span class='ocrx_word' id='word_1_391' title='bbox 1335 2458 1376 2523; x_wconf 89' lang='lat'><strong>10</strong></span> <span class='ocrx_word' id='word_1_392' title='bbox 1393 2483 1488 2522; x_wconf 88' lang='lat' dir='ltr'><strong>annos</strong></span> <span class='ocrx_word' id='word_1_393' title='bbox 1510 2465 1540 2524; x_wconf 89' lang='lat' dir='ltr'><strong>in</strong></span> <span class='ocrx_word' id='word_1_394' title='bbox 1556 2465 1619 2524; x_wconf 89' lang='lat' dir='ltr'><strong>No-</strong></span> 
     </span>
    </p>

    <p class='ocr_par' dir='ltr' id='par_1_41' title="bbox 888 2547 1622 2630">
     <span class='ocr_line' id='line_1_72' title="bbox 888 2547 1622 2630; baseline 0.005 -21"><span class='ocrx_word' id='word_1_395' title='bbox 888 2547 1001 2609; x_wconf 81' lang='lat' dir='ltr'><strong>viciatu</strong></span> <span class='ocrx_word' id='word_1_396' title='bbox 1016 2549 1174 2624; x_wconf 87' lang='lat' dir='ltr'><strong>graecensi</strong></span> <span class='ocrx_word' id='word_1_397' title='bbox 1189 2550 1219 2608; x_wconf 93' lang='lat' dir='ltr'><strong>in</strong></span> <span class='ocrx_word' id='word_1_398' title='bbox 1235 2549 1341 2630; x_wconf 84' lang='lat' dir='ltr'><strong>Styria</strong></span> <span class='ocrx_word' id='word_1_399' title='bbox 1354 2552 1409 2612; x_wconf 83' lang='lat' dir='ltr'><strong>fuit</strong></span> <span class='ocrx_word' id='word_1_400' title='bbox 1430 2553 1570 2614; x_wconf 84' lang='lat' dir='ltr'><strong>Minister</strong></span> <span class='ocrx_word' id='word_1_401' title='bbox 1589 2562 1622 2615; x_wconf 91' lang='lat' dir='ltr'><strong>et</strong></span> 
     </span>
    </p>

    <p class='ocr_par' dir='ltr' id='par_1_42' title="bbox 888 2636 1619 2898">
     <span class='ocr_line' id='line_1_73' title="bbox 889 2636 1619 2720; baseline 0.005 -22"><span class='ocrx_word' id='word_1_402' title='bbox 889 2636 1376 2720; x_wconf 81' lang='lat' dir='ltr'><strong>vicemagisterchitiorum,per</strong></span> <span class='ocrx_word' id='word_1_403' title='bbox 1392 2652 1462 2701; x_wconf 91' lang='lat' dir='ltr'><strong>octo</strong></span> <span class='ocrx_word' id='word_1_404' title='bbox 1478 2662 1552 2703; x_wconf 83' lang='lat' dir='ltr'><strong>vero</strong></span> <span class='ocrx_word' id='word_1_405' title='bbox 1569 2663 1619 2702; x_wconf 92' lang='lat' dir='ltr'><strong>an·</strong></span> 
     </span>
     <span class='ocr_line' id='line_1_74' title="bbox 888 2726 1619 2810; baseline 0.005 -22"><span class='ocrx_word' id='word_1_406' title='bbox 888 2747 943 2788; x_wconf 91' lang='lat' dir='ltr'><strong>nos</strong></span> <span class='ocrx_word' id='word_1_407' title='bbox 960 2726 1074 2784; x_wconf 89' lang='lat' dir='ltr'><strong>Rector</strong></span> <span class='ocrx_word' id='word_1_408' title='bbox 1089 2726 1121 2784; x_wconf 91' lang='lat' dir='ltr'><strong>in</strong></span> <span class='ocrx_word' id='word_1_409' title='bbox 1142 2727 1294 2789; x_wconf 75' lang='lat' dir='ltr'><strong>convictu</strong></span> <span class='ocrx_word' id='word_1_410' title='bbox 1317 2739 1348 2790; x_wconf 90' lang='lat' dir='ltr'><strong>et</strong></span> <span class='ocrx_word' id='word_1_411' title='bbox 1369 2729 1507 2810; x_wconf 80' lang='lat' dir='ltr'><strong>Collegio</strong></span> <span class='ocrx_word' id='word_1_412' title='bbox 1528 2728 1619 2792; x_wconf 92' lang='lat' dir='ltr'><strong>Oeni-</strong></span> 
     </span>
     <span class='ocr_line' id='line_1_75' title="bbox 889 2814 1618 2898; baseline 0.005 -21"><span class='ocrx_word' id='word_1_413' title='bbox 889 2823 1023 2897; x_wconf 90' lang='lat' dir='ltr'><strong>pontauo</strong></span> <span class='ocrx_word' id='word_1_414' title='bbox 1039 2821 1070 2872; x_wconf 87' lang='lat' dir='ltr'><strong>et</strong></span> <span class='ocrx_word' id='word_1_415' title='bbox 1085 2814 1236 2877; x_wconf 84' lang='lat' dir='ltr'><strong>Lincensi.</strong></span> <span class='ocrx_word' id='word_1_416' title='bbox 1252 2819 1328 2877; x_wconf 91' lang='lat' dir='ltr'><strong>Post</strong></span> <span class='ocrx_word' id='word_1_417' title='bbox 1335 2818 1553 2898; x_wconf 87' lang='lat' dir='ltr'><strong>dispersionem</strong></span> <span class='ocrx_word' id='word_1_418' title='bbox 1564 2822 1618 2881; x_wconf 89' lang='lat' dir='ltr'><strong>So·</strong></span> 
     </span>
    </p>

    <p class='ocr_par' dir='ltr' id='par_1_43' title="bbox 889 2901 1619 2990">
     <span class='ocr_line' id='line_1_76' title="bbox 889 2901 1619 2990; baseline 0.003 -22"><span class='ocrx_word' id='word_1_419' title='bbox 889 2903 1008 2968; x_wconf 80' lang='grc'><strong>01010110</strong></span> <span class='ocrx_word' id='word_1_420' title='bbox 1026 2923 1073 2961; x_wconf 85' lang='grc'><strong>00.</strong></span> <span class='ocrx_word' id='word_1_421' title='bbox 1093 2901 1190 2967; x_wconf 91' lang='grc'><strong>1848.</strong></span> <span class='ocrx_word' id='word_1_422' title='bbox 1208 2926 1326 2987; x_wconf 90' lang='lat' dir='ltr'><strong>semper</strong></span> <span class='ocrx_word' id='word_1_423' title='bbox 1340 2907 1437 2968; x_wconf 88' lang='lat' dir='ltr'><strong>haesit</strong></span> <span class='ocrx_word' id='word_1_424' title='bbox 1448 2906 1619 2990; x_wconf 89' lang='lat' dir='ltr'><strong>Oeniponte</strong></span> 
     </span>
    </p>

    <p class='ocr_par' dir='ltr' id='par_1_44' title="bbox 889 2991 1618 3074">
     <span class='ocr_line' id='line_1_77' title="bbox 889 2991 1618 3074; baseline 0.001 -15"><span class='ocrx_word' id='word_1_425' title='bbox 889 2997 985 3059; x_wconf 88' lang='lat' dir='ltr'><strong>donec</strong></span> <span class='ocrx_word' id='word_1_426' title='bbox 1000 3013 1060 3072; x_wconf 90' lang='lat' dir='ltr'><strong>qua</strong></span> <span class='ocrx_word' id='word_1_427' title='bbox 1075 2991 1248 3074; x_wconf 87' lang='lat' dir='ltr'><strong>Spiritualis</strong></span> <span class='ocrx_word' id='word_1_428' title='bbox 1269 2996 1301 3056; x_wconf 90' lang='lat' dir='ltr'><strong>in</strong></span> <span class='ocrx_word' id='word_1_429' title='bbox 1320 2996 1496 3058; x_wconf 89' lang='lat' dir='ltr'><strong>Bohamiam</strong></span> <span class='ocrx_word' id='word_1_430' title='bbox 1519 3008 1551 3058; x_wconf 94' lang='lat' dir='ltr'><strong>et</strong></span> <span class='ocrx_word' id='word_1_431' title='bbox 1573 3019 1618 3060; x_wconf 89' lang='lat' dir='ltr'><strong>se-</strong></span> 
     </span>
    </p>

    <p class='ocr_par' dir='ltr' id='par_1_45' title="bbox 886 3081 1617 3253">
     <span class='ocr_line' id='line_1_78' title="bbox 886 3081 1617 3164; baseline 0.005 -19"><span class='ocrx_word' id='word_1_432' title='bbox 886 3089 947 3148; x_wconf 85' lang='lat' dir='ltr'><strong>rius</strong></span> <span class='ocrx_word' id='word_1_433' title='bbox 963 3081 1128 3144; x_wconf 81' lang='lat' dir='ltr'><strong>P&#39;osonium</strong></span> <span class='ocrx_word' id='word_1_434' title='bbox 1143 3085 1174 3142; x_wconf 90' lang='lat' dir='ltr'><strong>in</strong></span> <span class='ocrx_word' id='word_1_435' title='bbox 1195 3085 1382 3164; x_wconf 85' lang='lat' dir='ltr'><strong>Hungariam</strong></span> <span class='ocrx_word' id='word_1_436' title='bbox 1399 3087 1508 3148; x_wconf 88' lang='lat' dir='ltr'><strong>missus</strong></span> <span class='ocrx_word' id='word_1_437' title='bbox 1520 3089 1617 3148; x_wconf 82' lang='lat' dir='ltr'><strong>firerit.</strong></span> 
     </span>
     <span class='ocr_line' id='line_1_79' title="bbox 955 3171 1422 3253; baseline 0.009 -20"><span class='ocrx_word' id='word_1_438' title='bbox 955 3176 1051 3233; x_wconf 81' lang='lat' dir='ltr'><strong>Extat</strong></span> <span class='ocrx_word' id='word_1_439' title='bbox 1067 3171 1131 3248; x_wconf 88' lang='lat' dir='ltr'><strong>ejus</strong></span> <span class='ocrx_word' id='word_1_440' title='bbox 1149 3193 1223 3234; x_wconf 88' lang='lat' dir='ltr'><strong>eura</strong></span> <span class='ocrx_word' id='word_1_441' title='bbox 1237 3176 1422 3253; x_wconf 84' lang='lat' dir='ltr'><strong>germanice:</strong></span> 
     </span>
    </p>

    <p class='ocr_par' dir='ltr' id='par_1_46' title="bbox 887 3259 1619 3414">
     <span class='ocr_line' id='line_1_80' title="bbox 887 3259 1619 3325; baseline 0 0"><span class='ocrx_word' id='word_1_442' title='bbox 887 3261 1042 3325; x_wconf 83' lang='lat' dir='ltr'><strong>Meditatio</strong></span> <span class='ocrx_word' id='word_1_443' title='bbox 1059 3259 1096 3321; x_wconf 89' lang='lat' dir='ltr'><strong>de</strong></span> <span class='ocrx_word' id='word_1_444' title='bbox 1119 3261 1175 3322; x_wconf 87' lang='lat' dir='ltr'><strong>SS.</strong></span> <span class='ocrx_word' id='word_1_445' title='bbox 1200 3263 1300 3324; x_wconf 86' lang='lat' dir='ltr'><strong>Corde</strong></span> <span class='ocrx_word' id='word_1_446' title='bbox 1321 3262 1409 3324; x_wconf 85' lang='lat' dir='ltr'><strong>Jesu.</strong></span> <span class='ocrx_word' id='word_1_447' title='bbox 1433 3263 1552 3325; x_wconf 89' lang='lat' dir='ltr'><strong>Graecii</strong></span> <span class='ocrx_word' id='word_1_448' title='bbox 1574 3264 1619 3325; x_wconf 88' lang='lat' dir='ltr'><strong>Si-</strong></span> 
     </span>
     <span class='ocr_line' id='line_1_81' title="bbox 933 3347 1172 3414; baseline -0.008 0"><span class='ocrx_word' id='word_1_449' title='bbox 933 3353 1009 3414; x_wconf 90' lang='lat' dir='ltr'><strong>rolla</strong></span> <span class='ocrx_word' id='word_1_450' title='bbox 1027 3347 1123 3413; x_wconf 84' lang='lat'><strong>1839.</strong></span> <span class='ocrx_word' id='word_1_451' title='bbox 1141 3349 1172 3414; x_wconf 89' lang='grc'><strong>8.</strong></span> 
     </span>
    </p>

    <p class='ocr_par' dir='ltr' id='par_1_47' title="bbox 887 3441 1620 3683">
     <span class='ocr_line' id='line_1_82' title="bbox 887 3441 1620 3521; baseline 0.004 -20"><span class='ocrx_word' id='word_1_452' title='bbox 887 3443 919 3505; x_wconf 87' lang='lat' dir='ltr'><strong>S.</strong></span> <span class='ocrx_word' id='word_1_453' title='bbox 935 3441 1073 3521; x_wconf 85' lang='lat' dir='ltr'><strong>Angelus</strong></span> <span class='ocrx_word' id='word_1_454' title='bbox 1091 3441 1220 3516; x_wconf 81' lang='lat' dir='ltr'><strong>Custos,</strong></span> <span class='ocrx_word' id='word_1_455' title='bbox 1244 3442 1305 3502; x_wconf 87' lang='lat' dir='ltr'><strong>dux</strong></span> <span class='ocrx_word' id='word_1_456' title='bbox 1322 3442 1360 3503; x_wconf 87' lang='lat' dir='ltr'><strong>ad</strong></span> <span class='ocrx_word' id='word_1_457' title='bbox 1376 3443 1502 3504; x_wconf 91' lang='lat' dir='ltr'><strong>coelum.</strong></span> <span class='ocrx_word' id='word_1_458' title='bbox 1519 3444 1620 3506; x_wconf 84' lang='lat' dir='ltr'><strong>Libel-</strong></span> 
     </span>
     <span class='ocr_line' id='line_1_83' title="bbox 932 3531 1619 3611; baseline 0.003 -19"><span class='ocrx_word' id='word_1_459' title='bbox 932 3533 979 3592; x_wconf 91' lang='lat' dir='ltr'><strong>lus</strong></span> <span class='ocrx_word' id='word_1_460' title='bbox 1008 3533 1206 3611; x_wconf 89' lang='lat' dir='ltr'><strong>precatorius.</strong></span> <span class='ocrx_word' id='word_1_461' title='bbox 1240 3531 1367 3592; x_wconf 85' lang='lat' dir='ltr'><strong>Graeeii.</strong></span> <span class='ocrx_word' id='word_1_462' title='bbox 1388 3532 1468 3593; x_wconf 77' lang='lat' dir='ltr'><strong>&#39;Joa</strong></span> <span class='ocrx_word' id='word_1_463' title='bbox 1500 3533 1619 3595; x_wconf 88' lang='lat' dir='ltr'><strong>Sirolla.</strong></span> 
     </span>
     <span class='ocr_line' id='line_1_84' title="bbox 935 3617 1242 3683; baseline -0.01 0"><span class='ocrx_word' id='word_1_464' title='bbox 935 3617 1080 3683; x_wconf 84' lang='grc' dir='ltr'><strong>1838.οῑ</strong></span> <span class='ocrx_word' id='word_1_465' title='bbox 1099 3618 1193 3683; x_wconf 90' lang='grc'><strong>1846.</strong></span> <span class='ocrx_word' id='word_1_466' title='bbox 1212 3619 1242 3682; x_wconf 91' lang='grc'><strong>8.</strong></span> 
     </span>
    </p>

    <p class='ocr_par' dir='ltr' id='par_1_48' title="bbox 886 3709 1618 3880">
     <span class='ocr_line' id='line_1_85' title="bbox 886 3709 1618 3789; baseline -0.001 -16"><span class='ocrx_word' id='word_1_467' title='bbox 886 3713 946 3774; x_wconf 90' lang='lat' dir='ltr'><strong>Via</strong></span> <span class='ocrx_word' id='word_1_468' title='bbox 960 3711 1000 3769; x_wconf 89' lang='lat' dir='ltr'><strong>ad</strong></span> <span class='ocrx_word' id='word_1_469' title='bbox 1016 3709 1152 3769; x_wconf 75' lang='lat' dir='ltr'><strong>eoelum.</strong></span> <span class='ocrx_word' id='word_1_470' title='bbox 1170 3710 1307 3771; x_wconf 88' lang='lat' dir='ltr'><strong>Libellus</strong></span> <span class='ocrx_word' id='word_1_471' title='bbox 1314 3710 1516 3789; x_wconf 85' lang='lat' dir='ltr'><strong>precatorias.</strong></span> <span class='ocrx_word' id='word_1_472' title='bbox 1526 3710 1618 3772; x_wconf 88' lang='lat' dir='ltr'><strong>Oeni-</strong></span> 
     </span>
     <span class='ocr_line' id='line_1_86' title="bbox 931 3795 1617 3880; baseline 0 -20"><span class='ocrx_word' id='word_1_473' title='bbox 931 3810 1024 3880; x_wconf 84' lang='lat' dir='ltr'><strong>ponte</strong></span> <span class='ocrx_word' id='word_1_474' title='bbox 1052 3797 1118 3860; x_wconf 81' lang='lat' dir='ltr'><strong>Fel.</strong></span> <span class='ocrx_word' id='word_1_475' title='bbox 1140 3799 1246 3860; x_wconf 90' lang='lat' dir='ltr'><strong>Rauch</strong></span> <span class='ocrx_word' id='word_1_476' title='bbox 1273 3795 1371 3860; x_wconf 79' lang='lat'><strong>1842.</strong></span> <span class='ocrx_word' id='word_1_477' title='bbox 1398 3795 1428 3859; x_wconf 94' lang='grc'><strong>8.</strong></span> <span class='ocrx_word' id='word_1_478' title='bbox 1456 3798 1617 3860; x_wconf 90' lang='lat' dir='ltr'><strong>duodecies</strong></span> 
     </span>
    </p>
   </div>
   <div class='ocr_carea' id='block_1_16' title="bbox 931 3909 1066 3950">
    <p class='ocr_par' dir='ltr' id='par_1_49' title="bbox 931 3909 1066 3950">
     <span class='ocr_line' id='line_1_87' title="bbox 931 3909 1066 3950; baseline -0.015 -2"><span class='ocrx_word' id='word_1_479' title='bbox 931 3909 1066 3950; x_wconf 72' lang='lat' dir='ltr'><strong>ressuSllS.</strong></span> 
     </span>
    </p>
   </div>
   <div class='ocr_carea' id='block_1_17' title="bbox 886 4083 1646 5127">
    <p class='ocr_par' dir='ltr' id='par_1_50' title="bbox 886 4083 1646 5127">
     <span class='ocr_line' id='line_1_88' title="bbox 930 4083 1618 4158; baseline -0.006 -10"><span class='ocrx_word' id='word_1_480' title='bbox 930 4085 1208 4148; x_wconf 73' lang='lat' dir='ltr'>JAGEREUBER</span> <span class='ocrx_word' id='word_1_481' title='bbox 1237 4083 1404 4156; x_wconf 80' lang='lat' dir='ltr'><strong>Iesarrus,</strong></span> <span class='ocrx_word' id='word_1_482' title='bbox 1432 4083 1618 4158; x_wconf 87' lang='lat' dir='ltr'><strong>Germanus,</strong></span> 
     </span>
     <span class='ocr_line' id='line_1_89' title="bbox 886 4171 1618 4239; baseline 0.004 -3"><span class='ocrx_word' id='word_1_483' title='bbox 886 4175 1101 4236; x_wconf 81' lang='lat' dir='ltr'><strong>&#39;I&#39;hitrnsteinio</strong></span> <span class='ocrx_word' id='word_1_484' title='bbox 1119 4175 1149 4233; x_wconf 92' lang='lat' dir='ltr'><strong>in</strong></span> <span class='ocrx_word' id='word_1_485' title='bbox 1169 4174 1294 4232; x_wconf 78' lang='lat' dir='ltr'><strong>Austris</strong></span> <span class='ocrx_word' id='word_1_486' title='bbox 1317 4171 1369 4234; x_wconf 83' lang='lat'><strong>23.</strong></span> <span class='ocrx_word' id='word_1_487' title='bbox 1394 4173 1495 4234; x_wconf 81' lang='lat' dir='ltr'><strong>Martii</strong></span> <span class='ocrx_word' id='word_1_488' title='bbox 1520 4171 1618 4239; x_wconf 78' lang='grc'><strong>1714.</strong></span> 
     </span>
     <span class='ocr_line' id='line_1_90' title="bbox 886 4261 1646 4337; baseline 0 -13"><span class='ocrx_word' id='word_1_489' title='bbox 886 4275 990 4337; x_wconf 90' lang='lat' dir='ltr'><strong>natus,</strong></span> <span class='ocrx_word' id='word_1_490' title='bbox 1015 4275 1074 4324; x_wconf 90' lang='lat' dir='ltr'><strong>aet.</strong></span> <span class='ocrx_word' id='word_1_491' title='bbox 1095 4261 1146 4324; x_wconf 85' lang='lat'><strong>15.</strong></span> <span class='ocrx_word' id='word_1_492' title='bbox 1164 4263 1344 4323; x_wconf 90' lang='lat' dir='ltr'><strong>Societatem</strong></span> <span class='ocrx_word' id='word_1_493' title='bbox 1366 4262 1454 4337; x_wconf 91' lang='lat' dir='ltr'><strong>adiit,</strong></span> <span class='ocrx_word' id='word_1_494' title='bbox 1478 4273 1510 4324; x_wconf 91' lang='lat' dir='ltr'><strong>et</strong></span> <span class='ocrx_word' id='word_1_495' title='bbox 1529 4263 1619 4324; x_wconf 90' lang='lat' dir='ltr'><strong>abso·</strong></span> <span class='ocrx_word' id='word_1_496' title='bbox 1643 4290 1646 4296; x_wconf 91' lang='lat'>·</span> 
     </span>
     <span class='ocr_line' id='line_1_91' title="bbox 887 4353 1619 4430; baseline 0.001 -17"><span class='ocrx_word' id='word_1_497' title='bbox 887 4355 959 4414; x_wconf 87' lang='lat' dir='ltr'><strong>lotis</strong></span> <span class='ocrx_word' id='word_1_498' title='bbox 976 4353 1083 4413; x_wconf 88' lang='lat' dir='ltr'><strong>studiis</strong></span> <span class='ocrx_word' id='word_1_499' title='bbox 1100 4353 1221 4412; x_wconf 86' lang='lat' dir='ltr'><strong>Possim</strong></span> <span class='ocrx_word' id='word_1_500' title='bbox 1237 4353 1365 4430; x_wconf 90' lang='lat' dir='ltr'><strong>primum</strong></span> <span class='ocrx_word' id='word_1_501' title='bbox 1381 4363 1412 4412; x_wconf 91' lang='lat' dir='ltr'><strong>et</strong></span> <span class='ocrx_word' id='word_1_502' title='bbox 1427 4353 1619 4416; x_wconf 87' lang='lat' dir='ltr'><strong>Rhetoricam</strong></span> 
     </span>
     <span class='ocr_line' id='line_1_92' title="bbox 887 4441 1619 4520; baseline -0.001 -17"><span class='ocrx_word' id='word_1_503' title='bbox 887 4445 1024 4503; x_wconf 85' lang='lat' dir='ltr'><strong>Viennae</strong></span> <span class='ocrx_word' id='word_1_504' title='bbox 1042 4445 1073 4502; x_wconf 88' lang='lat' dir='ltr'><strong>in</strong></span> <span class='ocrx_word' id='word_1_505' title='bbox 1090 4441 1225 4520; x_wconf 85' lang='lat' dir='ltr'><strong>Collegio</strong></span> <span class='ocrx_word' id='word_1_506' title='bbox 1237 4441 1538 4518; x_wconf 87' lang='lat' dir='ltr'><strong>Academiccdccuit;</strong></span> <span class='ocrx_word' id='word_1_507' title='bbox 1556 4453 1619 4502; x_wconf 91' lang='lat' dir='ltr'><strong>tum</strong></span> 
     </span>
     <span class='ocr_line' id='line_1_93' title="bbox 888 4531 1619 4611; baseline -0.008 -15"><span class='ocrx_word' id='word_1_508' title='bbox 888 4533 909 4596; x_wconf 85' lang='lat'>4</span> <span class='ocrx_word' id='word_1_509' title='bbox 925 4544 998 4594; x_wconf 90' lang='lat' dir='ltr'><strong>vota</strong></span> <span class='ocrx_word' id='word_1_510' title='bbox 1013 4534 1182 4611; x_wconf 81' lang='lat' dir='ltr'><strong>professus,</strong></span> <span class='ocrx_word' id='word_1_511' title='bbox 1200 4553 1235 4590; x_wconf 90' lang='lat' dir='ltr'><strong>ac</strong></span> <span class='ocrx_word' id='word_1_512' title='bbox 1251 4531 1337 4592; x_wconf 86' lang='lat' dir='ltr'><strong>subin</strong></span> <span class='ocrx_word' id='word_1_513' title='bbox 1353 4531 1568 4610; x_wconf 88' lang='lat' dir='ltr'><strong>Philosophiae</strong></span> <span class='ocrx_word' id='word_1_514' title='bbox 1584 4551 1619 4590; x_wconf 90' lang='lat' dir='ltr'><strong>ac</strong></span> 
     </span>
     <span class='ocr_line' id='line_1_94' title="bbox 888 4621 1619 4700; baseline -0.005 -18"><span class='ocrx_word' id='word_1_515' title='bbox 888 4623 1077 4700; x_wconf 83' lang='lat' dir='ltr'><strong>Theologiae</strong></span> <span class='ocrx_word' id='word_1_516' title='bbox 1093 4623 1200 4680; x_wconf 88' lang='lat' dir='ltr'><strong>laurea</strong></span> <span class='ocrx_word' id='word_1_517' title='bbox 1216 4631 1353 4692; x_wconf 88' lang='lat' dir='ltr'><strong>ornatus,</strong></span> <span class='ocrx_word' id='word_1_518' title='bbox 1376 4621 1553 4680; x_wconf 88' lang='lat' dir='ltr'><strong>triennalem</strong></span> <span class='ocrx_word' id='word_1_519' title='bbox 1561 4621 1619 4698; x_wconf 87' lang='lat' dir='ltr'><strong>pri·</strong></span> 
     </span>
     <span class='ocr_line' id='line_1_95' title="bbox 888 4707 1618 4790; baseline -0.004 -19"><span class='ocrx_word' id='word_1_520' title='bbox 888 4733 938 4771; x_wconf 91' lang='lat' dir='ltr'><strong>mc</strong></span> <span class='ocrx_word' id='word_1_521' title='bbox 956 4711 1171 4790; x_wconf 86' lang='lat' dir='ltr'><strong>Philosophiae</strong></span> <span class='ocrx_word' id='word_1_522' title='bbox 1187 4729 1306 4769; x_wconf 89' lang='lat' dir='ltr'><strong>cursum</strong></span> <span class='ocrx_word' id='word_1_523' title='bbox 1318 4709 1447 4780; x_wconf 80' lang='lat' dir='ltr'><strong>Graecii,</strong></span> <span class='ocrx_word' id='word_1_524' title='bbox 1470 4718 1533 4767; x_wconf 91' lang='lat' dir='ltr'><strong>turn</strong></span> <span class='ocrx_word' id='word_1_525' title='bbox 1550 4707 1618 4768; x_wconf 72' lang='lat' dir='ltr'><strong>cl·-</strong></span> 
     </span>
     <span class='ocr_line' id='line_1_96' title="bbox 888 4797 1620 4879; baseline -0.004 -18"><span class='ocrx_word' id='word_1_526' title='bbox 888 4803 1020 4879; x_wconf 84' lang='lat' dir='ltr'><strong>geniurti</strong></span> <span class='ocrx_word' id='word_1_527' title='bbox 1053 4821 1089 4859; x_wconf 91' lang='lat' dir='ltr'><strong>ac</strong></span> <span class='ocrx_word' id='word_1_528' title='bbox 1119 4799 1232 4859; x_wconf 85' lang='lat' dir='ltr'><strong>Labaei</strong></span> <span class='ocrx_word' id='word_1_529' title='bbox 1263 4817 1366 4870; x_wconf 90' lang='lat' dir='ltr'><strong>casus,</strong></span> <span class='ocrx_word' id='word_1_530' title='bbox 1398 4797 1467 4856; x_wconf 92' lang='lat' dir='ltr'><strong>dein</strong></span> <span class='ocrx_word' id='word_1_531' title='bbox 1498 4797 1620 4858; x_wconf 86' lang='lat' dir='ltr'><strong>Graeoii</strong></span> 
     </span>
     <span class='ocr_line' id='line_1_97' title="bbox 888 4886 1619 4966; baseline -0.004 -16"><span class='ocrx_word' id='word_1_532' title='bbox 888 4890 1137 4960; x_wconf 72' lang='lat' dir='ltr'><strong>controversias,</strong></span> <span class='ocrx_word' id='word_1_533' title='bbox 1171 4886 1325 4957; x_wconf 81' lang='lat' dir='ltr'><strong>Oenones,</strong></span> <span class='ocrx_word' id='word_1_534' title='bbox 1361 4887 1392 4946; x_wconf 92' lang='lat' dir='ltr'><strong>S.</strong></span> <span class='ocrx_word' id='word_1_535' title='bbox 1422 4887 1619 4966; x_wconf 78' lang='lat' dir='ltr'><strong>Scriptorum,</strong></span> 
     </span>
     <span class='ocr_line' id='line_1_98' title="bbox 888 4975 1617 5057; baseline -0.004 -19"><span class='ocrx_word' id='word_1_536' title='bbox 888 5000 924 5038; x_wconf 92' lang='lat' dir='ltr'><strong>ac</strong></span> <span class='ocrx_word' id='word_1_537' title='bbox 941 4980 1059 5039; x_wconf 85' lang='lat' dir='ltr'><strong>demum</strong></span> <span class='ocrx_word' id='word_1_538' title='bbox 1077 4977 1271 5057; x_wconf 89' lang='lat' dir='ltr'><strong>quadriennio</strong></span> <span class='ocrx_word' id='word_1_539' title='bbox 1287 4975 1617 5055; x_wconf 85' lang='lat' dir='ltr'><strong>Theologismdogma-</strong></span> 
     </span>
     <span class='ocr_line' id='line_1_99' title="bbox 889 5066 1617 5127; baseline -0.001 0"><span class='ocrx_word' id='word_1_540' title='bbox 889 5070 978 5127; x_wconf 85' lang='lat' dir='ltr'><strong>ticam</strong></span> <span class='ocrx_word' id='word_1_541' title='bbox 995 5067 1128 5127; x_wconf 87' lang='lat' dir='ltr'><strong>tradidit.</strong></span> <span class='ocrx_word' id='word_1_542' title='bbox 1154 5066 1233 5124; x_wconf 78' lang='lat' dir='ltr'><strong>ilinc</strong></span> <span class='ocrx_word' id='word_1_543' title='bbox 1249 5066 1386 5125; x_wconf 88' lang='lat' dir='ltr'><strong>Lincium</strong></span> <span class='ocrx_word' id='word_1_544' title='bbox 1402 5067 1509 5125; x_wconf 89' lang='lat' dir='ltr'><strong>missus</strong></span> <span class='ocrx_word' id='word_1_545' title='bbox 1525 5066 1617 5126; x_wconf 90' lang='lat' dir='ltr'><strong>Prae·</strong></span> 
     </span>
    </p>
   </div>
   <div class='ocr_carea' id='block_1_18' title="bbox 0 0 1978 5946">
    <p class='ocr_par' dir='ltr' id='par_1_51' title="bbox 0 0 1978 5946">
     <span class='ocr_line' id='line_1_100' title="bbox 0 0 1978 5946; baseline 0 2"><span class='ocrx_word' id='word_1_546' title='bbox 0 0 1978 5946; x_wconf 95' lang='lat' dir='ltr'><strong> </strong></span> 
     </span>
    </p>
   </div>
  </div>
 </body>
</html>
