4036 5954
784 355 1156 423 -281-.

213 517 320 580 Edidit
335 519 444 583 latine:
459 526 464 536 ’

142 607 266 669 Fabula
288 609 421 672 breviter
442 606 819 688 compleoteusHistoriam
835 616 884 689 ty·

191 699 420 780 pographicam.
447 696 576 759 Graecii.
597 699 708 760 Widm.
732 696 829 761 1721.
852 694 883 759 8.

145 787 268 848 Vienna
284 788 578 868 S.JoanniNepom.
595 789 715 862 devota
731 789 883 849 beneficiis

192 878 296 938 ditata.
329 878 467 937 Viennae
484 878 710 938 Schwendiman
737 877 834 940 1724.
851 875 882 940 8.

145 965 577 1046 Ernestusl‘erreus,Styriae
593 968 815 1041 Dux,dramate
831 988 883 1028 ex·

192 1055 317 1118 hibitus.
335 1057 454 1118 Graecii
468 1057 581 1117 Widm.
601 1056 697 1121 1727.
715 1055 746 1120 8.

496 1177 568 1230 (outa
583 1182 602 1218 at
615 1179 694 1228 Scripta
703 1179 765 1218 Prot.
777 1177 857 1230 Austr.)

193 1324 511 1388 raanaemlt
526 1325 689 1398 lanarius,
705 1322 884 1398 Germanus,

148 1412 291 1473 Viennae
312 1415 457 1474 Austriae
480 1411 512 1474 3.
529 1413 604 1472 Julii
621 1411 718 1476 1734.
734 1423 834 1488 uatus,
852 1423 883 1474 et

150 1501 250 1564 1749.
268 1502 452 1564 Societatem
469 1505 672 1582 ingressuum
687 1501 710 1564 4
724 1515 799 1564 vota
815 1523 882 1583 pro-

148 1593 260 1666 fessus,
282 1593 387 1666 Lincii,
411 1593 522 1672 Styrae
550 1602 581 1653 et
601 1593 640 1653 ad
656 1593 688 1654 S.
705 1593 813 1654 Annae
830 1594 882 1653 Vi·

149 1701 322 1742 ennaecum
332 1681 422 1742 laude
443 1694 490 1742 est
506 1685 708 1756 concionatus,
725 1683 882 1744 eteublato

153 1769 272 1831 Ordine
288 1772 453 1832 sedulusad
469 1783 594 1834 mortem
605 1771 883 1854 usqueOperarius,

150 1861 200 1920 vir
210 1863 362 1941 verepins
373 1861 446 1922 obiit
461 1865 599 1924 Viennae
617 1861 670 1929 11.
686 1865 766 1923 Nou.
786 1858 882 1924 1805.

152 1959 214 2010 aet.
237 1949 290 2013 71.

193 2040 327 2102 Exstant
342 2043 408 2120 ejus
423 2043 747 2123 germaniaequaedam
758 2042 883 2103 (leucio-

146 2149 213 2190 nes.

190 2255 505 2320 saumatam
520 2256 543 2316 J
545 2275 667 2319 canuae
683 2258 792 2329 Banu,
808 2257 883 2318 Ger-

148 2363 266 2418 manus,
274 2345 410 2406 Viennae
426 2348 570 2409 Austriae
589 2346 618 2408 1.
634 2346 704 2409 Oct.
717 2343 813 2409 1731.
831 2367 883 2406 na-

150 2441 211 2508 tus,
234 2435 346 2514 Ignatii
369 2437 469 2510 irater,
486 2448 516 2497 et
532 2448 591 2500 aet.
612 2433 663 2498 15.
681 2437 826 2498 Societati
840 2438 883 2496 in·

151 2535 263 2598 sertus,
282 2545 317 2584 ac
332 2522 355 2587 4
370 2540 443 2586 vota
459 2529 623 2606 professus,
639 2529 686 2586 vir
700 2538 798 2587 metro
814 2547 880 2605 pro·

150 2634 246 2694 eaque
261 2613 570 2696 latinaScriptoribus
586 2637 695 2678 aureae
705 2617 814 2677 aetatis
824 2635 883 2675 me-

152 2703 210 2762 rito
237 2705 470 2784 comparandus,
495 2708 616 2768 Poesim
638 2717 669 2767 et
689 2707 884 2766 Rhetoricam

151 2792 323 2853 alternatim
339 2796 378 2855 ab
395 2817 474 2856 anno
492 2793 589 2858 1762.
604 2797 642 2856 ad
658 2796 773 2856 obitum
788 2815 884 2875 usque

150 2902 238 2941 auum
261 2885 428 2962 piissimum
452 2887 588 2946 Viennae
605 2886 721 2960 docuit,
746 2887 797 2967 qui
813 2905 881 2944 con·

149 2972 218 3050 tigit
237 2969 289 3033 14.
305 2971 377 3033 Jan.
397 2973 494 3037 1789.
513 2969 791 3054 66158116τὶξηί
809 2975 882 3034 Oar-

148 3061 256 3120 dinalis
283 3063 340 3124 ode
354 3065 449 3124 latina
466 3085 534 3126 eum
550 3065 732 3126 decantavit.

218 3151 324 3212 Edidit
343 3155 452 3244 latineg

128 3237 218 3310 ,Ode
239 3242 270 3300 in
296 3241 503 3305 Coronatione
527 3243 656 3325 Josephi
678 3244 704 3304 Ι.
745 3243 883 3304 Viennae

145 3417 293 3498 Idyllium
308 3423 340 3482 in
355 3423 478 3504 Nuptiis
500 3423 657 3503 Josephae
673 3423 824 3482 Bavarae.
840 3420 881 3481 ib.

145 3597 348 3662 Prolusiones
365 3611 433 3662 octo
454 3601 562 3676 dictae,
585 3622 651 3661 cum
668 3603 818 3681 juventus
834 3600 883 3660 lit·

193 3697 327 3750 terarum
343 3691 479 3752 studiosa
494 3691 634 3772 praemiis
650 3692 773 3770 publice
790 3690 882 3750 dona·

195 3787 280 3838 retur
291 3780 330 3839 ab
343 3803 392 3841 an.
406 3779 504 3843 1762.
512 3782 552 3841 ad
568 3779 665 3843 1765.
682 3780 722 3842 ib.
734 3777 833 3842 1766.
851 3776 882 3840 8.

145 3865 216 3927 Ode
232 3868 270 3928 de
284 3870 401 3931 Mariae
414 3871 578 3931 Therasiae
586 3871 744 3949 Augustae
758 3889 883 3951 repara-

196 3967 230 4017 ta
244 3960 425 4021 valetudine.
443 3961 482 4021 ib.
501 3956 598 4023 1767.
618 3957 650 4022 4.

145 4045 215 4106 Ode
223 4045 261 4106 ad
270 4047 451 4129 Durignium
462 4049 729 4128 LegatumPontii.
746 4047 815 4107 dum
830 4047 883 4107 Vi·

194 4156 274 4196 enna
289 4139 320 4198 in
336 4133 881 4202 Polouiamdiacederetib.1767.4.

144 4224 301 4286 Carmina.
318 4229 456 4290 Viennae
475 4226 573 4290 llll.
594 4225 690 4290 1774.
708 4225 738 4288 8.

142 4315 169 4374 J
171 4317 285 4395 oscpbo
301 4316 882 4398 WenceelaoPrincipiLiechtensteinio

191 4403 401 4486 Panegyricus
425 4430 444 4468 a
467 4407 585 4468 duobus
602 4407 756 4488 discipulis
773 4405 882 4466 dictus.

192 4495 332 4556 Viennae
348 4497 432 4558 Jahn
450 4495 547 4559 1772.
569 4493 600 4558 8.

141 4581 399 4648 Elucubrationes
426 4583 588 4648 Oratoriae
612 4598 643 4648 et
657 4586 813 4646 Poeticae.
830 4583 881 4645 Vi·

192 4695 289 4736 ennae
309 4673 404 4738 1789.
416 4675 446 4738 8.

215 4763 414 4828 Germanice:

142 4853 289 4931 Epitome
320 4855 480 4916 Historiae
511 4854 692 4916 Austriacae
724 4875 743 4913 a
774 4853 880 4932 primis

191 4943 394 5023 Temporibus
417 4965 512 5026 usque
529 4945 568 5004 ad
584 4937 810 5006 annum'1780.
827 4943 880 5002 Vr·

190 5053 287 5095 ennae
303 5035 468 5096 Kurzbeok
487 5031 584 5097 1789.
603 5033 633 5099 8.

743 5115 853 5169 (amu.)

983 517 1185 583 satam
1230 519 1441 592 Fatuorecus,
1488 517 1667 594 Germanus,

938 608 1050 689 Styrae
1064 611 1096 670 in
1112 609 1236 670 Austris
1251 606 1282 670 5.
1295 609 1374 688 Aug.
1386 605 1480 670 1716.
1499 618 1599 684 natus,
1608 620 1668 672 aet.

941 696 993 759 17.
1010 700 1157 762 Societati
1172 699 1319 773 addictus,
1340 709 1371 758 et
1387 695 1409 761 4
1425 709 1499 758 voto
1513 701 1669 778 professus

938 790 1083 850 tredecim
1104 790 1190 850 aunis
1211 791 1320 868 partim
1352 789 1575 848 Missionarium
1599 811 1670 870 apo·

938 881 1078 940 stolicum
1100 878 1129 938 in
1149 880 1275 938 dustria
1291 888 1322 938 et
1337 879 1496 956 Hungaria
1512 881 1583 957 egit,
1599 899 1668 958 par·

938 971 991 1028 tim
1007 968 1204 1030 Catechetam
1228 969 1364 1028 sedulum
1381 969 1527 1042 Viennae,
1544 968 1669 1028 Jaurini

938 1069 969 1120 et
985 1059 1113 1132 Graeeii,
1128 1060 1181 1118 ubi
1197 1068 1392 1138 praematura
1414 1067 1511 1118 morte
1531 1060 1579 1118 vir
1593 1060 1664 1138 pius

938 1149 1073 1210 sublatus
1091 1158 1138 1210 eat
1153 1146 1184 1209 3.
1201 1147 1224 1208 J
1225 1169 1273 1208 an.
1292 1145 1388 1211 1764.
1405 1155 1465 1207 aet.
1481 1145 1536 1208 48.

1004 1239 1108 1298 Edidit
1130 1239 1236 1298 latine:

938 1330 1044 1392 Sermo
1066 1329 1268 1409 panegyricus
1296 1327 1327 1386 S.
1354 1327 1495 1387 Maur-itio
1517 1337 1549 1386 et
1573 1325 1669 1386 Sociis

983 1419 1092 1480 dictus.
1108 1420 1245 1480 Viennae
1263 1415 1423 1476 Kaliwoda
1441 1414 1539 1478 1744.
1557 1414 1608 1476 fol.

937 1512 1016 1572 Item
1033 1509 1064 1574 S.
1086 1507 1255 1587 Leopoldo.
1282 1507 1420 1568 Viennae
1440 1507 1480 1566 id.
1499 1501 1597 1567 1746.
1615 1506 1664 1566 fol.

1006 1599 1198 1660 Germanice:

938 1690 1121 1754 Catachismi
1144 1687 1277 1748 historici
1301 1685 1506 1756 continuatio,
1530 1705 1584 1744 eeu
1600 1684 1669 1744 fidei

983 1791 1014 1842 et
1028 1799 1145 1840 morum
1161 1777 1317 1838 doetrinae
1334 1795 1372 1834 ex
1388 1773 1507 1837 Exodo.
1524 1775 1601 1834 Pare
1611 1775 1636 1832 Ι.
1652 1795 1671 1833 a

982 1873 1142 1932 nativitate
1161 1867 1278 1946 Moysis
1308 1865 1347 1925 ad
1367 1866 1479 1924 exitum
1518 1864 1616 1924 Israel
1631 1883 1670 1924 ex

984 1961 1140 2040 Aegypto.
1157 1959 1292 2044 Viennae
1307 1952 1472 2014 Kaliwoda
1489 1951 1587 2016 1756.
1605 1949 1635 2014 8.

938 2051 1226 2126 Diariunrvitaepro
1238 2048 1404 2125 juventute
1419 2045 1450 2104 in
1467 2063 1555 2102 usum
1571 2054 1601 2102 et
1619 2062 1667 2102 so·

983 2142 1087 2202 latium
1117 2146 1276 2217 pareutum
1304 2143 1341 2194 et.
1362 2135 1501 2196 filioram.
1531 2133 1670 2192 Viennae

984 2230 1118 2308 Schilgin
1136 2223 1233 2289 1756.
1253 2223 1304 2286 12.

1273 2327 1344 2380 (licata
1358 2332 1378 2365 at
1392 2326 1470 2375 Scripta
1484 2326 1546 2364 eros.
1562 2323 1642 2375 Aaou.)

982 2479 1166 2543 Pansam
1201 2477 1364 2546 lunarios,
1395 2472 1570 2550 Hungarus,
1595 2467 1668 2530 Cas·
1745 2513 1748 2520 .

939 2572 1044 2630 saviae
1072 2566 1123 2630 14.
1150 2569 1230 2645 Aug.
1255 2560 1352 2626 1700.
1376 2556 1669 2635 uatua,etaet.1'l.

938 2660 1083 2734 Societati
1097 2659 1237 2729 insertum,
1255 2653 1277 2716 4
1293 2662 1366 2714 vota
1383 2653 1536 2732 professus
1553 2659 1586 2708 ot
1600 2649 1671 2708 Phi-

937 2751 1094 2829 losophiae
1116 2749 1247 2818 Doctor,
1271 2744 1350 2803 hanc
1375 2741 1542 2800 Oassoviae
1558 2739 1669 2798 docuit.

938 2841 1017 2901 Dein
1033 2837 1138 2898 Budae
1154 2838 1185 2894 in
1200 2834 1337 2914 Aquario
1353 2832 1439 2890 annis
1454 2827 1495 2890 14
1509 2829 1666 2908 Superior,

938 2930 1103 3010 Operarius
1120 2926 1170 2985 diu
1190 2933 1340 3002 noctuque
1361 2921 1495 2999 impiger,
1512 2919 1602 2978 etiam
1618 2937 1670 2997 pe·

938 3029 984 3080 ste
1000 3019 1117 3080 infectis
1133 3013 1279 3086 inserviit,
1296 3033 1314 3070 a
1331 3030 1390 3090 qua
1397 3009 1490 3068 semel
1500 3015 1615 3066 attactu
1623 3026 1670 3066 re·

937 3111 1094 3190 liquiarum
1117 3107 1149 3166 S.
1166 3093 1463 3172 Xaverii'libcratus,
1479 3116 1587 3157 rursus
1604 3115 1671 3154 eor-

936 3209 1040 3280 reptus
1066 3197 1187 3256 victima
1214 3190 1368 3251 charitatis
1401 3187 1541 3248 occubuit
1563 3184 1671 3249 Budua

940 3288 991 3353 10.
1008 3289 1093 3366 Sept.
1111 3280 1208 3346 1740.
1226 3291 1286 3342 aet.
1302 3277 1357 3342 40.
1410 3371 1412 3376 ,

1005 3377 1109 3438 Edidit
1124 3375 1234 3434 latine:

938 3469 1053 3531 Tibieci
1076 3464 1257 3543 Hungariae
1278 3459 1408 3520 fluminis
1429 3458 1514 3518 notio
1530 3455 1671 3535 Vagique

982 3577 1064 3639 pars.
1082 3553 1248 3616 Oaseoviae
1264 3561 1331 3632 typ.
1347 3546 1443 3609 Acad.
1463 3543 1560 3608 1735.
1580 3543 1633 3610 12.

1276 3672 1349 3724 (Gesta
1362 3675 1383 3710 at
1396 3671 1474 3719 seam·
1488 3671 1550 3708 Prot.
1563 3665 1645 3718 Aaou.)

983 3815 1220 3889 Pansam
1243 3817 1389 3879 Joanmns
1413 3815 1512 3873 Banu.
1544 3811 1670 3888 Hungu-

938 3937 1000 3990 rus,
1032 3913 1159 3975 Prilesei
1191 3912 1222 3970 iu
1249 3907 1403 3968 comitatu
1438 3899 1670 3962 Trenchiniensi

936 4004 992 4068 16.
1009 4005 1101 4064 Mart.
1122 3995 1218 4063 1709.
1234 4007 1333 4069 natus,
1349 4004 1381 4054 61
1397 4001 1456 4052 aet.
1466 3987 1518 4052 15.
1536 3989 1670 4050 Societa-

938 4097 962 4155 ti
988 4101 1183 4173 aggregatus,
1203 4087 1226 4149 4
1245 4096 1319 4147 vota
1342 4083 1508 4164 professus,
1533 4077 1670 4140 Philoso-

938 4185 1025 4264 phiae
1047 4203 1083 4242 ao
1104 4179 1292 4258 Theologiae
1314 4175 1439 4246 Doctor,
1462 4173 1509 4231 vir
1532 4169 1672 4231 doctrina

938 4295 999 4336 non
1014 4274 1111 4332 minus
1128 4267 1386 4350 quamsanctitate
1398 4258 1671 4342 conspicuus,Poe·

938 4365 993 4424 aim
1010 4372 1042 4423 et
1056 4360 1250 4421 Rhetorieam
1265 4354 1442 4424 Cassoviae,
1455 4349 1672 4428 Philosophiae

937 4462 1039 4534 partes
1056 4469 1159 4512 omnes
1175 4447 1354 4528 Tyrnaviae
1362 4442 1576 4523 quinquennio,
1593 4439 1671 4498 Gon·

937 4544 1104 4604 troversiae
1121 4539 1251 4611 Graecii,
1262 4525 1670 4616 TyruaviaeScripturamS.

937 4616 1671 4710 tumThoologiamdogmaticamocteuniodocuit.

937 4722 1144 4783 cancellarius
1176 4721 1245 4780 dein
1275 4716 1399 4784 ibidem,
1428 4713 1551 4788 Regene
1589 4704 1672 4766 Cleri

854 4852 861 4867 ·
934 4811 1090 4890 hungarici
1099 4811 1236 4869 Viennae
1246 4809 1276 4866 in
1285 4801 1421 4880 Collegio
1429 4797 1673 4859 Pazmanianoet
1712 4813 1718 4826 ‘

937 4901 1101 4962 Convictus
1108 4891 1458 4979 Tymavieusis,Rector
1465 4886 1580 4960 Budae,
1591 4887 1672 4964 Tyr·

936 4992 1046 5051 naviae
1062 5001 1093 5051 et
1110 4988 1289 5058 Oassoviae,
1322 4980 1423 5042 soluto
1442 4977 1556 5038 Ordine
1572 4977 1670 5036 'Pren-

937 5081 1064 5141 chinium
1087 5099 1120 5140 ae
1136 5077 1258 5156 recepit,
1275 5081 1306 5133 et
1322 5071 1404 5149 apud
1420 5069 1531 5130 Patres
1548 5066 1672 5126 Piorum
