3990 5950
1007 311 1250 374 ..134-

418 497 449 536 re
472 476 680 555 inscriptione3
705 475 780 536 etnb
796 473 828 535 d.
851 475 887 536 E.
906 475 1023 536 Nilsen.
1040 477 1102 534 Au·

418 579 526 645 gnatae
544 567 663 628 Vindel.

373 655 445 716 Vita
468 659 542 736 ejus
572 657 700 717 habetur
715 658 744 716 in
786 655 1012 735 Sch1i‹·htegrell
1040 657 1101 716 Ne·

418 748 562 826 orologio.
589 745 685 813 1792.
710 747 748 808 Τ.
765 747 790 806 l.

373 869 445 918 (tinia
459 876 478 908 st
493 869 570 920 Scripta
585 871 646 910 Pras.
661 873 726 908 Aestr.
746 871 802 907 Jesr.
816 871 849 908 des
864 871 911 908 Sar.
926 869 1017 920 Eonsyi.
1032 869 1102 906 bubni.

398 939 452 980 uati.
473 942 515 980 est.
537 942 584 980 Ass.
599 943 667 990 Vagal.
682 941 752 978 lisllsr.
782 941 860 979 Esesal.
882 941 976 980 misen.
997 941 1102 992 suchans.

558 1011 670 1064 resim.)

417 1158 655 1223 EBHMYE
709 1158 869 1240 (Hellmdr)
923 1153 1104 1230 Arrenius,

373 1248 552 1326 Hungarus‚
577 1249 738 1310 Melaealsa
758 1252 788 1310 in
803 1250 957 1330 provincia
978 1248 1104 1309 Pesoni·

373 1340 435 1398 ensi
452 1335 505 1400 28.
524 1341 602 1399 Nev.
623 1337 718 1402 1700.
735 1351 837 1413 natus,
858 1350 888 1400 et
905 1349 962 1399 aet.
984 1335 1034 1401 17.
1051 1339 1105 1400 Se·

373 1429 474 1489 cieteti
490 1429 673 1510 adscriptus,
695 1429 717 1492 4
733 1440 806 1490 vete
822 1431 975 1510 professus
992 1443 1022 1490 et
1037 1429 1105 1488 Phi-

373 1520 527 1600 losophiae
543 1513 672 1593 Decter',
697 1521 839 1581 absoluta
855 1521 990 1581 Viennae
1006 1521 1105 1580 Theo·

373 1609 467 1688 legia,
491 1611 609 1672 Graecii
630 1611 751 1673 Possim
769 1622 799 1672 et
815 1610 1020 1684 Rhetoricae,
1045 1621 1106 1670 tum

373 1711 528 1782 utramque
544 1701 730 1762 Snsheleeae
737 1704 932 1782 Repetentes‚
944 1700 1060 1762 demum
1076 1703 1106 1760 in

373 1791 575 1854 Universitate
591 1793 795 1872 Tyrnaviensi
816 1793 975 1872 Logicam‚
998 1791 1105 1872 Physi-

373 1901 437 1942 cam
454 1892 484 1942 et
500 1883 742 1963 Metaphysicarn
758 1883 869 1942 docuit.
899 1883 1002 1942 Socios
1019 1881 1106 1942 subin

371 1972 509 2050 Magistri
524 1973 720 2046 Nevihornm,
736 1993 771 2032 ac
782 1973 900 2034 demum
912 1971 1016 2034 Budas
1031 1973 1105 2032 Pre-

372 2065 470 2122 iessor
486 2063 628 2136 cenem,
644 2065 697 2126 nbi
713 2065 759 2123 vir
774 2063 886 2124 multam
904 2063 1058 2135 orationis,
1075 2073 1107 2122 et

373 2153 405 2213 S.
421 2153 583 2214 Franeisco
599 2155 734 2216 sterio
760 2155 952 2234 singulariter
967 2153 1106 2226 devotus,

372 2264 428 2324 per
443 2263 532 2324 quem
552 2254 583 2306 et
607 2245 672 2306 aliis
695 2245 805 2306 multas
829 2245 942 2324 gratias
958 2254 990 2305 et
1000 2245 1107 2322 juvem

372 2333 581 2396 liberationem
598 2355 616 2394 a
631 2335 786 2408 daemone,
798 2335 846 2394 oui
863 2355 896 2396 se
912 2333 1043 2408 devovit,
1054 2333 1106 2394 eb·

373 2424 474 2496 tinuit,
490 2426 539 2503 pie
556 2424 631 2486 obiit
649 2423 678 2488 1.
694 2426 766 2487 dan.
786 2421 881 2488 1744.
898 2434 957 2486 aet.
973 2421 1028 2486 45.

441 2514 543 2576 Edidit
558 2517 665 2578 latius:

373 2605 582 2666 llansolsenm
591 2605 763 2667 Graecense
775 2605 957 2666 l‘erdtnandi
966 2605 1009 2664 11.
1018 2606 1106 2664 Rem.

419 2696 496 2775 Imp.
512 2698 627 2757 Mariae
642 2698 750 2757 Annae
767 2693 911 2775 Cenjugis
927 2705 957 2756 et
976 2694 998 2756 J
1001 2695 1107 2755 oannis

418 2787 521 2846 Caroli
537 2787 620 2860 AA.,
644 2807 734 2848 versu
754 2786 946 2866 descriptum.
987 2784 1107 2846 Graecii

418 2875 639 2939 Widmanstad.
681 2873 778 2940 1732.
804 2873 834 2940 8.
860 2897 951 2958 prosa
981 2886 1012 2937 et
1043 2897 1107 2936 car·

418 2988 505 3028 nune.

372 3057 531 3140 Templum
554 3059 708 3131 Aulicum,
733 3080 786 3120 seu
810 3059 849 3118 D.
873 3057 991 3136 Aegidii
1015 3055 1106 3116 Urbis

418 3149 598 3210 Graeeensis
636 3150 761 3209 l'atroni
796 3149 925 3210 Basilica
955 3145 1108 3226 descripta

418 3261 483 3299 curn
501 3237 644 3300 Oratione
660 3240 690 3298 in
707 3239 842 3312 eundem,
858 3251 889 3298 et
904 3237 1107 3298 delineatione

418 3331 549 3408 Templi.
567 3330 689 3390 Greecii
708 3327 802 3393 1733.
820 3325 851 3390 8.
876 3349 967 3410 presa
991 3343 1021 3386 et
1044 3349 1106 3388 ear·

419 3439 506 3479 resne.

375 3511 474 3569 Series
492 3510 643 3569 Banerunr
659 3509 844 3580 lislmstiee,
869 3509 1024 3580 Crastino,
1042 3507 1106 3567 Sla-

418 3601 526 3660 voniee
543 3601 668 3662 sbanno
679 3597 754 3661 870.
767 3600 805 3660 ad
819 3595 914 3664 1737.
932 3599 1107 3680 'I'yrnsviae

421 3687 516 3753 1737.
534 3687 564 3752 8.

717 3811 911 3863 (manuscripts
926 3813 986 3850 l'rrsr.
1002 3811 1082 3862 surr.)

417 3997 639 4062 flemme
685 3998 896 4068 haeresees,
928 3995 1107 4066 Germanus,

373 4088 509 4148 Viennae
532 4088 676 4148 Austriae
698 4097 801 4160 natus,
826 4096 857 4146 et
880 4089 909 4146 in
926 4085 1107 4146 Societatem

373 4188 530 4257 receptus,
554 4177 700 4238 absolutis
722 4177 827 4238 studiis
844 4177 963 4238 Graecii
987 4175 1107 4236 Possim

373 4267 498 4340 docens,
518 4269 567 4328 lue
588 4279 763 4350 erumpente
785 4269 897 4349 primus
923 4288 955 4327 se
977 4266 1106 4326 infirmo-

374 4379 439 4418 rum
457 4357 600 4439 obsequio
617 4359 752 4433 devovit,
777 4368 807 4418 et
831 4358 948 4418 octiduo
973 4367 1042 4437 post
1062 4357 1108 4416 vir

374 4469 501 4526 magnae
516 4449 649 4523 virtutis,
665 4450 829 4531 patientiae
845 4447 1015 4529 cumprimis
1032 4457 1062 4506 et
1077 4447 1107 4506 in

373 4538 504 4599 divinam
521 4538 706 4601 voluntatem
738 4539 965 4620 resignationis,
988 4537 1108 4596 uictima

373 4631 528 4691 eharitatis
544 4630 650 4692 cecidit
665 4627 696 4690 ὁ.
714 4631 799 4710 Sept.
819 4627 916 4691 1670.

442 4720 544 4781 Edidit
560 4722 669 4784 latine:

362 4812 581 4872 ι-ΜειιυιοΙιειιιιι
599 4833 638 4872 ex
653 4811 842 4892 margarithis
866 4809 1020 4891 pretiosis,
1046 4807 1106 4867 An-

417 4903 595 4977 gratissimis
627 4903 764 4964 manibus
788 4899 994 4976 Margarithse
1018 4897 1106 4978 llisp.

421 4993 555 5066 infantis,
574 4991 720 5073 leopoldi
745 4993 785 5052 ll.
804 4991 944 5050 (laeseris
962 4989 1106 5066 conjugis

418 5083 573 5144 ‹ieiunetac
590 5095 731 5144 erectum.
749 5083 867 5145 Graevii
880 5080 990 5140 lVidnr.
1011 5077 1106 5141 1673.

1204 475 1234 537 8.
1259 477 1487 556 Epigrammata
1508 475 1661 554 elegantis
1683 496 1721 538 ex
1735 477 1791 540 hoe
1805 479 1877 560 Ope·

1203 567 1287 626 scule
1319 576 1463 646 excerpts
1492 587 1599 626 recusa
1619 567 1649 627 in
1674 567 1824 630 Analectis
1846 573 1878 632 P.

1202 657 1305 717 Klein.
1322 657 1459 717 Viennae
1478 653 1574 718 1757.
1592 654 1623 718 8.

1157 749 1320 808 Poetarum
1335 748 1463 808 laureati
1479 749 1618 808 vertices.
1641 749 1775 809 Viennae
1792 749 1879 813 1679.

1204 834 1234 898 8.

1390 959 1463 1010 (ene
1478 965 1498 998 a
1511 959 1590 1010 sese·
1603 959 1663 998 sm.
1678 961 1743 999 ser.
1757 959 1858 1012 reem.)

1204 1108 1411 1173 nasone
1428 1107 1602 1179 deserens,
1614 1107 1880 1180 ermamenari-

1159 1197 1271 1277 hergae
1288 1200 1318 1258 in
1334 1199 1436 1278 Styrie
1454 1197 1504 1259 15.
1520 1199 1611 1258 Mart.
1631 1194 1727 1260 1698.
1743 1209 1841 1273 natus,
1855 1209 1882 1259 et

1161 1299 1219 1348 ast.
1238 1287 1289 1349 16.
1306 1289 1450 1348 Societeti
1466 1288 1639 1366 adjunctus,
1661 1288 1806 1349 absolutis
1827 1299 1880 1348 stu·

1161 1379 1215 1438 diis
1230 1377 1253 1440 4
1270 1389 1341 1438 vete
1355 1381 1517 1459 professus,
1534 1378 1605 1458 ipsis
1623 1376 1667 1440 24
1681 1379 1823 1438 continuis
1836 1401 1880 1440 an·

1161 1470 1207 1530 nis
1224 1471 1255 1530 S.
1272 1469 1456 1530 Praeconem
1471 1469 1591 1543 Lesbii,
1609 1469 1743 1542 Graecii‚
1759 1469 1881 1541 (irenei,

1161 1560 1313 1640 Sepronii‚
1338 1561 1463 1640 styriae,
1483 1560 1614 1633 Jsurini,
1636 1559 1733 1620 Lineii
1748 1579 1812 1619 eum
1826 1560 1880 1619 lau-

1161 1650 1198 1710 de
1223 1652 1300 1730 egit,
1328 1671 1364 1710 ae
1385 1651 1504 1710 demum
1526 1651 1575 1730 pie
1598 1650 1673 1710 obiit
1703 1649 1808 1710 Leebii
1836 1647 1882 1712 30.

1162 1742 1253 1801 liert.
1273 1738 1368 1803 1760.
1386 1750 1446 1801 aet.
1464 1739 1516 1802 62.

1230 1831 1345 1891 Extant
1361 1833 1426 1910 ejus
1442 1832 1625 1910 germanice:

1164 1922 1268 1982 Serme
1294 1921 1507 1984 eucharisticae
1527 1921 1567 1982 eb
1582 1921 1735 1981 Victorias
1751 1921 1779 1980 in
1795 1921 1882 1978 Bars-

1207 2013 1251 2071 ria
1282 2020 1313 2073 et
1343 2011 1578 2072 coronationem
1611 2011 1642 2071 in
1678 2011 1820 2072 Bohemia
1847 2011 1882 2070 M.

1207 2103 1371 2162 ‘l'beresias
1394 2104 1562 2181 Augustae.
1594 2103 1734 2182 Soprenii
1758 2101 1810 2160 do.
1832 2102 1883 2160 lie·

1098 2243 1106 2258 .
1207 2213 1300 2252 nauer
1319 2189 1414 2254 1743.
1430 2191 1463 2254 4.

1162 2281 1368 2363 Panegyricus
1384 2281 1417 2342 S.
1433 2282 1457 2344 J
1459 2283 1547 2344 oanni
1563 2283 1694 2361 Nepem.
1718 2283 1826 2362 Styrus
1848 2279 1882 2340 di·

1207 2383 1283 2435 ctus.
1298 2373 1424 2434 Oremsii
1438 2373 1533 2433 Praxi
1551 2369 1647 2434 1746.
1665 2373 1697 2438 4.

1162 2463 1369 2544 Panegyricus
1400 2464 1432 2524 S.
1464 2465 1536 2524 Vite
1560 2464 1692 2542 Martyri
1716 2463 1838 2524 Cremsii
1859 2462 1884 2520 in

1207 2553 1354 2615 Paraeeia
1369 2554 1475 2614 dietus.
1491 2554 1539 2614 Ib.
1554 2553 1648 2614 Praxl
1667 2549 1764 2616 1747.
1780 2549 1810 2616 4.

1162 2644 1310 2704 Funebria
1332 2645 1528 2706 Elisabethae
1552 2643 1723 2704 Christiane
1738 2644 1884 2722 Augustae

1208 2735 1309 2796 Caroli
1342 2735 1396 2797 Vl.
1428 2735 1554 2796 Viduse.
1590 2735 1687 2794 Lincii
1718 2732 1884 2795 Pramsteidl

1210 2822 1372 2888 1751101.

1162 2917 1369 2998 Panegyricus
1386 2916 1425 2976 ed
1440 2917 1566 2996 primurn
1583 2915 1708 2976 Sacrum
1724 2917 1761 2976 R.
1777 2915 1815 2976 D.
1830 2914 1883 2974 Ne·

1208 3007 1273 3068 bilis
1289 3007 1326 3068 de
1343 3006 1526 3082 Ppumbach.
1541 3005 1637 3066 Lineii
1647 3007 1783 3085 Auinger
1799 3001 1883 3068 1751.

1206 3098 1257 3158 l'el.

1162 3187 1293 3249 Limsvit
1314 3190 1403 3248 etiam
1426 3208 1481 3268 pre
1505 3197 1580 3266 typo
1596 3187 1617 3248 3
1634 3189 1748 3248 Tomos
1772 3185 1883 3246 Concle-

1206 3299 1276 3338 num
1299 3279 1335 3339 P.
1357 3279 1443 3338 Petri
1466 3277 1564 3340 Hehel
1593 3280 1752 3358 Augustae
1776 3273 1883 3338 Vindel.

1184 3369 1378 3448 ‚impressos

1500 3491 1573 3543 (unu
1587 3499 1606 3531 st
1620 3493 1700 3542 erepti
1713 3493 1774 3530 eres.
1788 3487 1861 3538 Auta)

1206 3639 1506 3702 mmmm
1532 3640 1746 3712 Leserensis,
1769 3659 1805 3698 ex
1827 3633 1881 3694 illn-

1162 3729 1305 3788 strissima
1334 3728 1443 3788 iemilia
1470 3730 1657 3808 Clageniurti
1689 3730 1719 3790 in
1742 3725 1883 3790 (larinthia

1165 3817 1217 3882 14.
1232 3819 1306 3898 Maji
1324 3815 1421 3880 1702.
1437 3829 1539 3892 natus,
1563 3829 1624 3880 aet.
1648 3817 1699 3884 17.
1716 3819 1845 3880 Viennae
1859 3813 1882 3870 in

1163 3910 1343 3970 Societatem
1362 3919 1516 3989 receptus,
1540 3921 1570 3970 et
1593 3909 1616 3972 4
1639 3920 1712 3971 rota
1734 3911 1883 3990 professus,

1161 3999 1384 4080 Philosophiam
1421 4000 1517 4061 Lincii
1552 4001 1752 4082 quinquennio
1782 3995 1883 4058 decuit.

1161 4091 1320 4151 Eissienss
1343 4089 1462 4151 indicas
1478 4111 1544 4150 eum
1560 4112 1620 4152 nen
1637 4091 1798 4160 obtineret,
1820 4085 1883 4146 blis-

1163 4182 1326 4240 sionarium
1344 4181 1476 4240 selosum
1491 4183 1520 4242 in
1538 4181 1694 4242 Corinthio
1716 4181 1791 4260 egit,
1813 4193 1883 4256 pane

1162 4271 1224 4331 iere
1240 4281 1271 4330 et
1286 4270 1400 4331 medico
1416 4271 1493 4332 lacte
1509 4273 1665 4346 sinuosus,
1687 4283 1720 4336 et
1742 4269 1818 4332 nuda
1839 4286 1881 4324 se·

1162 4380 1217 4442 per
1245 4361 1346 4422 tabula
1377 4361 1497 4422 brevem
1527 4383 1671 4444 sennium¹
1691 4363 1818 4442 cupiens.
1846 4355 1883 4414 At

1162 4461 1253 4512 necto
1269 4452 1307 4513 ab
1323 4461 1449 4531 aegroto
1465 4473 1599 4533 paupere
1621 4453 1736 4533 hyemis
1759 4461 1881 4526 tempore

1163 4541 1271 4616 redux,
1288 4543 1317 4602 in
1333 4543 1459 4622 glaciem
1483 4542 1560 4604 illiso
1584 4545 1680 4624 eapite
1704 4544 1816 4623 lapsus,
1838 4533 1881 4594 v1¹

1163 4643 1261 4692 sumto
1292 4635 1323 4692 6.
1348 4633 1467 4692 Viatico
1491 4625 1622 4714 piissime
1646 4635 1720 4694 obiit
1744 4629 1794 4694 16.
1816 4628 1880 4688 Jflss·

1166 4720 1262 4784 1742.
1279 4738 1337 4784 aet.
1354 4721 1408 4785 40.

1229 4813 1325 4874 Extat
1340 4817 1406 4893 ejus
1422 4816 1515 4874 tacite
1530 4816 1664 4874 nemine:

1162 4903 1368 4982 Panegyricus
1401 4904 1492 4964 Cordi
1522 4903 1600 4966 Jesu
1631 4906 1764 4966 Viennae
1794 4899 1879 4980 dietus

1212 4990 1307 5056 1735.
1325 5007 1353 5056 et
1370 4995 1533 5075 impressus
1550 4995 1590 5056 ib.
1608 4995 1730 5074 Voigtin
1745 4991 1776 5054 4.

1507 5119 1579 5168 (eun
1593 5125 1611 5158 st
1625 5119 1702 5168 scripu
1716 5119 1773 5156 rus.
1786 5111 1856 5155 suut
