3990 5950
817 307 1037 376 -71-

211 497 287 560 pure
309 478 450 540 mentalis
470 497 528 558 pro
554 477 634 537 bono
665 477 785 556 publico
817 477 902 544 ,licita
956 473 1104 552 Ejusdem
1121 473 1280 533 Sermones
1300 473 1331 533 in
1353 473 1385 533 S.
1411 473 1604 552 Scriptorum.
1626 471 1683 532 Pa-

212 572 251 630 sit
286 569 317 630 in
352 566 385 630 4.
402 569 574 649 approbata
605 585 660 646 pro
677 566 774 646 gradu
804 567 898 646 philo·
1002 584 1132 643 negyres
1149 571 1179 624 et
1193 563 1351 623 Funebres
1368 584 1386 623 e
1401 563 1495 624 latino
1512 563 1542 622 iu
1557 561 1589 623 4.

212 660 347 738 sophico.
956 656 987 716 S.
1005 654 1181 733 Hieronymi
1197 653 1410 732 Epistolaead,
1428 653 1465 713 de
1482 662 1513 714 et
1528 674 1583 733 pro
1602 654 1684 713 Chri-

168 747 328 828 Expositio
350 749 380 808 in
402 768 506 808 omnes
532 747 594 808 fere
615 747 708 806 libros
732 746 772 807 V.
802 755 834 804 et
860 747 898 804 N.
1001 744 1104 803 stianis
1131 743 1321 822 Virginibus,
1346 743 1453 804 Viduis
1477 752 1507 802 et
1536 743 1682 822 conjugi-

214 840 413 901 Testamenti.
436 839 588 900 Fasciculi
619 837 725 917 plures
752 837 782 895 in
808 844 897 896 vasto
1000 834 1056 893 bus
1073 855 1138 893 cum
1156 834 1332 914 quibusdam
1347 834 1425 893 Vitis
1446 854 1463 894 e
1486 834 1580 892 latino
1600 835 1629 892 in
1653 831 1683 894 4.

211 929 365 999 volumine
382 930 413 988 In
429 925 461 989 4.
952 922 1102 1003 Ejusdem
1128 924 1248 1003 Scripta
1277 935 1382 983 contra
1403 923 1577 983 Helvidium
1601 925 1683 1002 Vigi-

166 1021 330 1088 thractus
347 1039 386 1078 ex
401 1017 622 1078 Controversiis
636 1015 809 1076 Bellarmini
825 1015 855 1074 in
865 1011 897 1076 4.
997 1014 1129 1086 lentium,
1146 1011 1375 1074 Joviuianumet
1390 1014 1583 1090 Pelagianos,
1600 1035 1685 1092 prae·

167 1109 386 1188 Compendium
415 1109 569 1168 Historiae
604 1106 835 1166 Ecclesiasticus
868 1106 897 1164 iu
999 1105 1142 1182 signanus
1165 1124 1269 1164 omues
1290 1105 1491 1183 posteriorum
1516 1113 1684 1183 temporum

211 1197 244 1260 4.
261 1209 301 1259 et.
320 1196 351 1260 8.
577 1187 583 1194 ’
999 1215 1016 1254 e
1032 1193 1125 1253 latino
1142 1194 1173 1253 in
1187 1191 1219 1254 4.

169 1289 342 1350 Concursus
358 1287 555 1347 abbreviatus
571 1307 625 1346 seu
641 1287 747 1346 Brevis
768 1306 897 1364 appara·
954 1285 985 1346 S.
1002 1285 1114 1344 Leonis
1130 1285 1172 1343 M.
1190 1285 1350 1344 Sermones
1367 1303 1384 1342 e
1400 1283 1492 1342 latino
1508 1284 1539 1342 in
1554 1282 1585 1344 4.

213 1389 261 1439 tus
277 1399 332 1457 pro
351 1378 507 1438 Concursu
522 1397 577 1456 pro
594 1377 751 1436 Beneficiis
767 1376 897 1435 Ecclesi-
954 1375 1123 1435 Oonciones
1164 1376 1304 1454 propriae
1329 1373 1494 1432 Dominicis
1523 1373 1686 1455 Festisque

212 1469 313 1528 asticis
329 1470 361 1527 in
376 1469 467 1527 terris
482 1467 649 1528 Austriacis
663 1467 851 1545 praescripto
861 1487 899 1526 ex
1000 1465 1062 1523 ruri
1077 1464 1176 1524 diotae
1195 1461 1290 1526 1193.
1308 1465 1435 1524 Vastum
1451 1465 1594 1524 volumen
1609 1465 1639 1522 in
1652 1461 1683 1523 4.

213 1558 350 1618 omnibus
366 1558 508 1618 materiis.
531 1557 693 1616 Volumina
709 1556 797 1636 plura
815 1557 845 1614 in
865 1553 897 1616 4.
956 1554 1125 1615 Conciones
1142 1554 1352 1615 Oetecbetieac
1369 1555 1400 1612 in
1415 1551 1446 1614 4.

213 1659 288 1728 typo
305 1656 424 1726 parata.
954 1646 1055 1705 Dictio
1077 1645 1279 1704 consolatoria
1302 1643 1342 1702 ad
1357 1644 1550 1703 Franciscum
1566 1643 1643 1723 Imp.
1658 1653 1688 1704 et

170 1735 275 1816 Opera
289 1738 416 1796 Patrum
431 1737 678 1816 Apostolicorum
699 1736 732 1796 S.
757 1734 900 1815 Dionysii
1002 1755 1058 1794 nos
1072 1735 1103 1794 in
1119 1735 1203 1794 obitu
1217 1734 1411 1794 Ehsabethae
1426 1734 1465 1792 Α.
1480 1732 1520 1792 Α.
1536 1734 1566 1792 in
1581 1731 1613 1793 4.
1689 1781 1692 1786 .

213 1827 417 1906 Areopagitae
433 1835 463 1886 et
478 1827 511 1886 S.
533 1826 652 1886 Irenaei
667 1835 820 1907 excerpta.
840 1827 902 1886 Vo·
957 1826 1058 1884 Dictio
1074 1825 1106 1884 in
1121 1824 1355 1904 desponsatione
1377 1824 1487 1883 sororis
1505 1844 1588 1883 suae.
1605 1825 1634 1882 in
1656 1822 1688 1884 4.

215 1918 328 1976 lumina
341 1917 429 1996 plura
444 1918 474 1975 in
492 1913 522 1977 8.
960 1915 1132 1993 Conceptus
1148 1916 1361 1974 concionatorii
1375 1915 1405 1973 in
1421 1912 1453 1974 4.

169 2006 271 2087 Opera
292 2007 325 2066 S.
348 2005 461 2066 Justini
483 2006 673 2080 Tertulliani,
698 2006 729 2066 S.
749 2005 904 2085 Cypriani,
961 2005 1131 2066 Conciones
1146 2005 1276 2066 morales
1292 2005 1403 2084 Ignatii
1419 2005 1515 2064 Wura
1532 2011 1689 2064 extractae

214 2097 376 2156 Clementis
392 2095 535 2169 Alex.,S.
552 2097 651 2156 Hilari
667 2097 794 2168 Pictam,
808 2095 905 2154 Arno·
1005 2097 1035 2153 in
1051 2092 1082 2155 4.

212 2187 267 2258 bii,
292 2184 439 2264 Origenis,
461 2187 621 2260 Laetantii,
644 2186 676 2248 S.
698 2185 817 2258 Basilii,
843 2187 904 2244 Eu·
960 2187 1077 2246 Notata
1092 2205 1130 2246 ex
1146 2183 1349 2246 Ooncionibus
1365 2185 1461 2244 Wura
1478 2191 1509 2244 et
1526 2182 1621 2244 Oanal
1637 2204 1688 2242 an-

211 2276 287 2336 sebii
296 2275 578 2356 ansar.,S.Oyrilli
586 2277 738 2336 Hierosol.
747 2285 778 2335 ct
791 2276 822 2336 S.
830 2275 904 2336 Gre-
1006 2275 1082 2334 ditis.
1099 2275 1130 2334 in
1146 2273 1177 2335 4.

211 2367 287 2444 gorii
303 2367 450 2426 Nazianz.
467 2375 611 2446 excerpta
629 2367 660 2426 in
684 2366 820 2446 pluribus
842 2367 902 2426 Vo-
960 2366 1077 2444 Scripta
1105 2364 1143 2424 de
1168 2365 1310 2426 methodo
1337 2363 1690 2424 socratico-catechstica

211 2456 371 2516 luminibus
385 2453 463 2517 in·8.
1003 2457 1034 2514 in
1049 2451 1081 2515 4.

166 2545 318 2606 Homiliae
335 2545 366 2605 S.
384 2544 515 2606 loannis
537 2545 749 2626 Chrysostomi
772 2547 804 2604 in
826 2546 897 2626 Epi·
959 2545 1081 2604 Comitis
1105 2543 1269 2623 Opalenslri
1290 2544 1470 2604 Mareschali
1490 2543 1636 2602 Polouiao
1652 2543 1688 2602 do

214 2637 310 2696 stolas
324 2635 469 2696 Pauhnas
485 2645 640 2696 extractae
658 2638 689 2696 in
703 2634 735 2697 4.
999 2633 1112 2695 Officiis
1127 2635 1212 2695 Libri
1228 2636 1286 2694 111.
1305 2655 1322 2693 e
1337 2635 1430 2693 latino
1445 2635 1476 2693 in
1492 2631 1525 2693 4.

167 2725 271 2806 Opera
286 2726 317 2785 S.
334 2725 463 2786 Joannis
480 2725 692 2806 chrysostomi
703 2727 809 2786 editas
824 2726 897 2785 Ora·
954 2723 1192 2785 Observationes
1217 2725 1255 2784 de
1277 2723 1438 2784 Ordinibus
1470 2723 1623 2802 religiosis
1650 2745 1688 2782 cx

211 2835 294 2876 mero
311 2825 447 2876 correcta
463 2837 481 2876 a
495 2817 637 2877 Mbselio.
661 2816 771 2876 Partes
787 2818 829 2876 X.
846 2837 896 2876 ex·
998 2815 1106 2892 gallico
1122 2815 1189 2875 Nic.
1206 2814 1359 2875 Diesbaoh
1376 2815 1408 2874 S.
1426 2813 1458 2873 J.
1471 2815 1501 2872 in
1517 2813 1550 2875 4.

211 2915 310 2966 tracta
323 2907 354 2965 in
369 2903 402 2966 4.
638 2971 640 2975 ,
952 2905 1146 2984 Philosophia
1161 2903 1327 2983 Religionis
1348 2905 1410 2982 Sig.
1436 2903 1634 2963 Storchenau.
1654 2905 1684 2962 S.

168 2996 200 3055 S.
217 2996 378 3073 Augustini
390 2994 475 3074 Opus
486 2996 626 3056 eximium
641 2995 679 3055 de
696 2996 826 3056 Civitate
836 2996 896 3056 Dei
997 2995 1030 3054 d.
1048 2996 1154 3054 Tomis
1171 2997 1247 3054 XII.
1264 3003 1407 3073 excerpta
1422 2995 1452 3052 in
1468 2991 1500 3053 4.

215 3086 314 3144 Libris
329 3084 438 3145 XXII.
454 3086 635 3145 Extractum
651 3086 682 3144 in
696 3084 728 3146 4.
950 3085 1113 3145 Extractus
1130 3105 1168 3144 ex
1184 3086 1309 3164 Scriptis
1324 3084 1511 3163 Augustanis
1527 3104 1582 3163 pro
1606 3085 1683 3144 veri-

171 3174 319 3250 Ejusdem
336 3172 491 3252 Opuscula
522 3175 700 3254 theologica.
721 3176 829 3236 Partes
853 3177 894 3236 X.
995 3184 1058 3236 tate
1075 3175 1239 3254 Religionis
1265 3175 1304 3234 ab
1325 3196 1428 3235 eorum
1453 3175 1568 3253 origine
1591 3175 1628 3233 ad
1651 3176 1681 3232 11-

212 3263 347 3324 Viennae
363 3265 462 3344 Bader
481 3261 577 3328 1760.
596 3261 625 3326 8.
647 3275 791 3344 excerpta
812 3267 841 3325 in
862 3263 893 3327 4.
994 3287 1063 3324 nem
1079 3267 1108 3324 in
1126 3261 1156 3326 8.

212 3351 352 3432 Gregorii
371 3355 474 3434 Magni
495 3356 655 3415 Moralium
677 3355 708 3414 in
723 3355 787 3416 Job
811 3357 895 3416 Libri
950 3355 1101 3415 Sanctitas
1114 3356 1270 3416 Ecclesiae
1282 3354 1621 3427 Romano-Catholicae,
1638 3374 1683 3412 se-

207 3441 345 3506 XXXV.
363 3447 500 3505 extracti.
516 3446 691 3505 Fasciculus
708 3447 848 3505 vastusin
863 3443 893 3507 8.
996 3445 1124 3505 cundum
1147 3447 1293 3506 Veritatis
1314 3447 1381 3524 ejus
1408 3445 1524 3523 signum
1550 3443 1683 3503 exhibita

163 3533 234 3592 Vita
249 3535 285 3594 B.
302 3534 371 3594 Jos.
389 3535 568 3595 Thomasini
584 3537 615 3596 S.
633 3537 671 3596 R.
688 3537 727 3594 E.
750 3536 893 3596 (10111110-
995 3537 1025 3595 in
1043 3537 1120 3595 Vitis
1137 3537 1317 3596 Sanctorum
1334 3536 1465 3594 omnium
1487 3534 1681 3594 Saeculorum

206 3624 243 3682 lis
260 3644 298 3683 ex
313 3625 451 3702 longiore
468 3626 540 3686 Vita
556 3623 707 3705 Operibus
724 3628 789 3704 ejus
805 3647 893 3706 prae·
996 3626 1098 3685 ordine
1115 3626 1340 3704 chronologico,
1357 3625 1499 3684 extractis
1515 3643 1553 3683 ox
1576 3624 1680 3682 Histo-

206 3715 299 3773 missa
315 3723 457 3794 excerpta
472 3717 503 3775 in
518 3713 550 3776 4.
994 3717 1039 3776 ria
1054 3716 1268 3776 Ecclesiastico
1288 3714 1591 3776 Berault-Bercastel.
1619 3714 1680 3772 Vo-

161 3801 316 3882 Excerpta
335 3805 525 3882 expluribus
542 3803 692 3884 Operibus
708 3804 893 3884 theologicis,
994 3805 1107 3864 lumina
1122 3807 1178 3866 IV.
1197 3807 1295 3886 spissa
1311 3807 1340 3864 iu
1356 3802 1388 3865 4.

207 3894 353 3967 asceticis,
369 3893 516 3955 historicis
533 3905 589 3955 etc.
604 3895 634 3954 in
651 3895 792 3955 fasciculo
817 3898 892 3976 spis·
949 3895 980 3954 S.
999 3895 1115 3954 Domus
1131 3895 1344 3974 Habspurgica
1362 3893 1499 3953 dosumta
1515 3891 1678 3951 018011111-

207 4001 241 4040 so
257 3984 288 4042 ln
303 3979 336 4044 4.
992 3985 1082 4044 leben
1098 4005 1164 4044 cum
1180 3987 1281 4044 multis
1298 3983 1505 4043 additamentis
1518 3983 1548 4040 in
1564 3979 1595 4041 4.
1608 3991 1638 4040 et
1648 3977 1678 4041 8.

227 4073 436 4152 Manuscripta
451 4074 632 4152 germanica.
944 4073 1070 4134 Austris
1090 4083 1194 4134 sancta
1214 4085 1245 4134 et
1272 4075 1323 4152 pia
1347 4093 1364 4133 0
1390 4074 1484 4132 latino
1511 4070 1677 4132 Bartholini

158 4163 216 4222 Est
231 4164 401 4222 necessario
417 4183 479 4222 rma
494 4162 548 4223 sed
562 4169 678 4223 tantuin
695 4184 756 4223 una
771 4165 887 4243 Religio
989 4165 1087 4225 Melie.
1104 4167 1134 4225 in
1149 4162 1182 4226 4.

204 4253 886 4332 000000011101010-(1011101100.1111001111-
943 4255 1106 4314 Extractus
1137 4275 1175 4314 ax
1206 4254 1353 4333 Epistolis
1380 4253 1621 4327 aedificantibus,
1647 4261 1677 4312 ct

203 4343 245 4400 tio
263 4362 302 4402 ex
317 4342 412 4402 latino
428 4345 459 4402 in
475 4339 506 4404 4.
989 4346 1113 4404 curiosis
1130 4345 1235 4404 Tomis
1252 4341 1304 4406 26.
1322 4365 1360 4404 ex
1376 4345 1485 4423 gallico
1501 4346 1530 4404 in
1548 4339 1578 4404 8.

157 4431 302 4492 Doctrina
318 4433 649 4513 catholicadepeccato
667 4433 887 4512 originaliDis·
943 4435 1100 4513 Epistolae
1126 4436 1382 4495 Missionariorum
1410 4435 1441 4495 S.
1462 4436 1494 4494 J.
1525 4455 1562 4494 ox
1589 4431 1676 4491 India

203 4522 328 4581 sertatio
344 4523 674 4602 historico-theologica
688 4524 719 4583 in
734 4521 766 4584 4.
989 4523 1145 4598 Orientali,
1163 4523 1270 4599 Ohina,
1287 4525 1309 4585 J
1312 4545 1420 4604 spone,
1436 4527 1584 4596 Levante,
1594 4521 1672 4580 Afri·

159 4608 252 4670 Orisis
278 4612 488 4674 Instructionis
519 4615 550 4673 ln
575 4613 713 4675 doctrina
742 4613 889 4673 cathohca
988 4635 1034 4688 ca,
1049 4615 1206 4688 AmerIca,
1231 4636 1269 4675 ex
1286 4617 1378 4674 variis
1393 4615 1502 4692 linguis
1518 4630 1627 4671 versae
1642 4619 1673 4670 et

202 4720 257 4777 pro
274 4705 422 4762 communi
439 4704 567 4764 utilitate
590 4715 620 4764 et
642 4705 794 4783 exigentia
815 4713 887 4763 tem·
989 4715 1088 4764 tomos
1120 4706 1159 4765 ad
1194 4707 1346 4764 minimum
1381 4705 1484 4764 decem
1505 4721 1561 4781 pro
1593 4699 1671 4759 Con-

202 4790 293 4866 poris.
309 4791 444 4853 Viennae
464 4790 559 4854 1190.
576 4796 606 4853 in
622 4790 653 4854 4.
673 4789 792 4852 editae?
989 4796 1155 4855 tinuatione
1172 4795 1508 4855 Historiaehlissionum
1525 4791 1669 4850 recentio-
1687 4821 1689 4826 ·

156 4879 188 4938 S.
206 4879 357 4938 Ambrosii
375 4881 477 4962 Opera
493 4893 623 4962 quatuor
648 4883 685 4943 de
708 4884 888 4961 Virginitate
989 4907 1054 4944 rum
1073 4895 1242 4965 temporum
1270 4885 1427 4944 dantesie
1456 4882 1591 4962 pluribus
1618 4902 1670 4940 va·

200 4976 231 5026 et
259 4989 349 5028 unum
379 4971 417 5030 de
440 4973 594 5032 Viduitate
617 4993 682 5034 cum
710 4973 887 5052 quibusdam
988 4977 1042 5034 stis
1060 4976 1259 5035 voluminibus
1275 4977 1304 5034 in
1322 4973 1352 5035 4.

197 5057 387 5137 Epistoliset
405 5062 686 5143 Vitaejuselatino
704 5065 837 5124 versain
854 5063 885 5124 4.
942 5065 1050 5126 Novae
1082 5065 1225 5125 historiae
1254 5075 1284 5124 ct
1313 5063 1477 5143 parabolas
1498 5083 1534 5123 ex
1561 5063 1669 5142 gallico
