3948 5946
766 351 1013 416 ,209-

127 536 181 578 sus
196 525 229 576 et
243 513 266 577 4
280 523 356 576 vota
370 514 523 596 protessus
539 513 729 576 humaniores
745 515 862 576 litteras
918 509 1122 595 quinquennio
1151 513 1269 593 docuit;
1299 514 1353 576 sed
1377 535 1433 576 nee
1463 515 1531 578 buic
1563 520 1648 580 oneri

127 617 160 666 et
184 606 319 686 linguam
350 605 383 666 S.
405 606 492 666 aunis
519 605 657 685 pluribus
686 605 806 666 Graeeii
831 614 863 666 et
917 603 1040 664 ferendo
1062 623 1137 682 par,
1165 606 1343 683 praesertim
1375 607 1456 686 quod
1486 617 1675 688 praeterea⁸

128 696 266 756 Viennae
281 694 568 772 docuitGolleginm
584 694 717 770 Janriui,
738 696 862 774 Ungue·
917 693 1047 753 maximo
1064 712 1130 752 cum
1145 694 1269 756 fervore
1285 703 1317 754 et
1339 696 1438 756 fructu
1457 697 1650 778 adpopulum

127 787 201 860 riui,
231 785 404 846 'Prenchiuii
428 794 459 844 et
480 785 646 846 Seminariu
688 785 864 864 Hnugariea
918 781 1042 856 dicerm,
1062 783 1094 842 in
1108 785 1241 862 patrium
1256 785 1353 844 solum
1370 787 1530 860 remissus,
1552 807 1650 869 prope

127 875 270 936 Viennae
292 883 323 936 et
350 875 527 954 Tymaviae
552 876 640 935 rexit.
670 875 768 935 Annis
794 875 864 935 dein
918 871 1080 932 Jaurinum
1095 874 1148 952 pie
1164 874 1239 935 obiit
1257 871 1308 936 16.
1324 875 1405 954 Aug.
1421 873 1519 939 1753.
1528 885 1587 938 aet
1595 874 1650 940 38.

127 964 267 1046 pluribus
283 967 314 1025 in
328 964 412 1024 Aula
424 963 526 1024 fratris
542 965 589 1024 sni
596 966 732 1044 germani
738 963 863 1044 Georgii
987 961 1094 1022 Edidit
1110 963 1220 1026 latine:

126 1054 358 1136 Archiepiscopi
389 1053 605 1132 strigoniensis
638 1056 684 1114 ita
719 1063 862 1116 versatus
918 1051 1036 1112 Tristia
1055 1051 1192 1113 Emerita
1220 1054 1284 1114 sive
1305 1053 1504 1133 contagionis
1528 1057 1650 1136 Tyrus-

127 1153 184 1218 est,
208 1165 265 1205 ceu
279 1147 310 1205 in
326 1144 415 1204 domo
432 1143 576 1222 religiosa
591 1153 680 1219 esset,
691 1144 773 1204 horis
789 1163 863 1224 qno·
963 1142 1030 1200 viae
1045 1144 1213 1218 grassantis
1233 1151 1382 1224 tempora.
1408 1144 1549 1206 Carmen.
1571 1147 1649 1225 eleg.

125 1233 202 1294 tidie
218 1235 355 1314 pluribus
372 1234 501 1294 orationi
515 1234 674 1313 impensis;
700 1243 732 1293 at
747 1234 862 1294 morbis
964 1230 1141 1310 Tymaviae
1156 1241 1223 1314 typ.
1239 1231 1336 1293 Aead.
1356 1231 1454 1296 1740.
1472 1231 1503 1296 8.

125 1325 237 1399 variis,
261 1323 369 1406 quibus
391 1324 548 1402 pervices
572 1325 698 1402 primum
715 1332 778 1382 tum
808 1344 864 1384 ceu
918 1318 1024 1380 Sermo
1045 1319 1519 1403 deS.JoanneNepomuceuo,
1542 1325 1649 1405 inquo

125 1415 210 1474 iacto
226 1414 356 1493 agmine,
372 1412 518 1492 hydrope,
533 1413 716 1492 typanitide,
737 1413 863 1486 calculo,
964 1409 1169 1470 Sectariormn
1185 1412 1222 1473 de
1237 1412 1430 1473 Poenitentia
1445 1434 1563 1474 errores
1584 1435 1649 1475 eru-

124 1524 242 1578 arena,
271 1503 422 1583 podagra,
446 1501 546 1562 cordis
570 1504 771 1582 palpitatione
810 1504 863 1562 im·
965 1499 1027 1559 dite
1048 1501 1228 1576 confutavit,
1248 1503 1390 1581 vulgatus
1412 1504 1509 1564 instar
1529 1504 1650 1584 dialogi.

125 1594 241 1674 petitus
281 1601 338 1665 est,
382 1593 601 1672 patientissime
646 1593 792 1666 toleratis,
815 1591 864 1653 de·
921 1586 1107 1668 Opuseulum
1137 1591 1316 1670 polemicum
1351 1593 1388 1653 de
1423 1593 1648 1654 traditionibus.

125 1703 213 1743 mnrn
243 1684 274 1742 iu
309 1681 447 1760 Collegio
469 1681 713 1756 'Pr-enchiniensi,
751 1703 811 1763 quo
833 1702 866 1742 se
966 1676 1132 1740 Caesonine
1152 1678 1319 1743 176012.

125 1773 259 1853 recepit,
290 1779 464 1832 consumtus
500 1779 548 1831 est
578 1769 609 1834 2.
641 1772 730 1833 Junii
762 1769 860 1838 1666.
919 1768 1054 1849 Reliquit
1074 1769 1177 1848 plures
1206 1770 1366 1832 Sermones
1388 1773 1525 1852 apprime
1546 1771 1648 1832 elabo-

89 1884 92 1890 ·
123 1873 189 1924 aet.
205 1859 261 1924 60.
961 1867 1055 1932 ratos,
1080 1879 1154 1939 quos
1170 1869 1271 1922 minen
1286 1859 1436 1922 modestia
1451 1864 1520 1940 ejus
1536 1882 1557 1922 a
1571 1872 1648 1942 typo

196 1953 235 2012 In
249 1951 390 2032 Physicis
404 1951 631 2010 versatissimus
648 1951 768 2031 scripsit
786 1951 861 2011 huu-
960 1947 1127 2027 prohibuit.

195 2043 312 2120 garine:
1137 2041 1210 2123 (aas
1222 2076 1242 2110 a
1256 2072 1335 2121 sessu
1349 2073 1412 2113 rm.
1425 2073 1492 2112 suar.
1507 2073 1621 2126 rmum.)

124 2131 343 2192 Calendarinm
402 2131 624 2190 oeconomicum
667 2138 859 2212 perpetuum.

174 2222 302 2281 Posonii
322 2217 421 2282 1662.
436 2218 470 2281 4.
960 2219 1116 2282 nmmos
1139 2219 1297 2293 menses,
1320 2218 1499 2297 Huugarus,
1521 2216 1649 2280 Ovarini

122 2311 177 2371 De
208 2310 401 2372 insitionibus
433 2318 464 2370 et
490 2309 705 2374 Seminatioue.
736 2309 862 2370 Posonii
918 2305 971 2369 19.
989 2307 1074 2387 Sept.
1093 2305 1190 2370 1703.
1206 2317 1306 2381 natus,
1329 2317 1362 2368 et
1379 2317 1440 2369 aet.
1464 2306 1516 2370 17.
1537 2310 1569 2369 in
1589 2309 1646 2370 So·

175 2397 274 2462 1663.
616 2461 617 2464 ,
917 2398 1054 2458 eistatem
1069 2407 1224 2477 receptus,
1247 2393 1269 2458 4
1290 2406 1365 2457 vota
1384 2399 1555 2477 professus,
1575 2399 1646 2459 Phi-

123 2490 299 2550 Hortenses
314 2489 544 2568 praeceptiones
569 2498 600 2550 et
615 2489 749 2550 deliciae.
771 2489 860 2550 Vien-
916 2486 1076 2568 losophiae
1098 2497 1130 2548 et
1153 2487 1340 2566 'Pheologiae
1367 2487 1499 2562 Do'ctor,
1530 2487 1651 2550 Graecii

171 2599 231 2640 nae
249 2577 348 2642 1664.
364 2575 396 2639 4.
917 2578 1045 2656 primum
1059 2577 1209 2656 Linguam
1222 2577 1398 2651 hebraeam,
1421 2587 1485 2637 tum
1506 2577 1646 2639 Claudio-

123 2669 176 2730 De
192 2669 338 2729 fructibus
355 2667 562 2728 diversissimis
572 2667 786 2748 producendis.
801 2667 861 2728 Po·
915 2667 980 2746 poli
1009 2687 1045 2726 ac
1076 2668 1254 2746 Tymaviae
1284 2667 1459 2741 Mathesim,
1484 2665 1649 2729 Oassoviae

170 2754 366 2822 sonii1666.
916 2756 1112 2836 quadriennio
1145 2756 1355 2835 Philosophiae
1386 2765 1490 2835 partes
1529 2777 1646 2832 omnes,

502 2877 835 2933 [sd..11,p„„1„,„,p„„)
916 2848 1028 2925 Agriae
1046 2845 1288 2918 Controversias,
1312 2844 1419 2905 Budas
1435 2845 1542 2919 Casus,
1567 2847 1648 2926 Tyr·

916 2937 1025 2996 navias
1040 2934 1402 3012 Oenones,Zagrabiaeet
1417 2933 1440 2995 J
1442 2936 1537 2994 aurini
1546 2937 1645 2995 Theo·

170 3028 320 3091 mm
349 3025 564 3098 Faauciscus,
586 3026 771 3106 Hungarus,
800 3025 861 3085 Po·
915 3024 1027 3104 logiam
1050 3024 1249 3103 dogmaticam
1269 3024 1383 3100 docuit;
1408 3032 1530 3084 etcum
1551 3043 1646 3086 annos

126 3119 207 3178 souii
227 3117 256 3180 7.
273 3119 366 3177 biart.
386 3113 482 3184 1608.
499 3125 589 3177 natus
605 3124 637 3175 et
652 3124 711 3176 aet.
731 3113 783 3176 16.
806 3113 861 3175 So·
918 3113 958 3178 17
982 3114 1115 3176 docendo
1137 3113 1323 3174 traduxisset
1344 3112 1469 3174 Posonii
1500 3115 1648 3188 Minister,

125 3209 271 3270 cietatem
284 3203 495 3287 ingressus,²4
511 3215 586 3266 vota
599 3207 766 3284 professus,
790 3205 861 3264 Phi·
915 3206 1039 3266 Jaurini
1058 3205 1232 3264 Praefectus
1254 3204 1407 3278 altiorum,
1440 3202 1584 3284 Sopronii
1617 3213 1648 3264 et

125 3297 287 3378 losophiae
305 3307 336 3356 et
351 3295 539 3374 Theologiae
554 3297 679 3370 Ductor,
703 3303 861 3374 utramque
915 3295 1035 3356 Jaurini
1050 3297 1172 3373 lingens
1189 3293 1369 3366 Convictus,
1393 3294 1556 3372 posteriori
1577 3293 1648 3354 loeo

125 3387 306 3467 Tymaviae
337 3385 453 3459 docuit,
477 3383 516 3447 17
539 3387 624 3446 annis
652 3384 689 3445 ad
715 3384 861 3464 populum
913 3386 973 3446 boc
993 3387 1023 3444 in
1043 3405 1166 3445 munere
1186 3385 1236 3464 pie
1258 3384 1335 3443 obiit
1356 3379 1412 3444 23.
1439 3382 1520 3461 Aug.
1551 3380 1647 3448 1766.

123 3477 291 3554 hungarios
312 3476 404 3549 dixit,
428 3477 542 3536 Rector
558 3475 680 3535 Jauriui
696 3483 727 3534 et
751 3473 860 3534 Cesso·
916 3485 977 3536 aet.
996 3473 1051 3536 63.

123 3567 194 3626 viae
210 3567 277 3637 fuit,
294 3575 459 3647 tantaeque
475 3565 653 3638 modestiae,
668 3574 711 3639 ut,
727 3565 788 3624 etsi
804 3585 859 3644 pro
983 3564 1085 3624 Edidit
1100 3563 1208 3624 latine:

123 3655 321 3716 concionibus
343 3657 409 3734 ejus
426 3655 465 3714 ad
487 3675 605 3716 omnem
621 3664 719 3714 artem
735 3655 860 3727 exactis,
914 3655 1051 3733 higebra
1067 3675 1121 3714 seu
1143 3652 1290 3730 Analysis
1311 3653 1456 3732 speciosa
1482 3651 1648 3712 Oassoviae

121 3744 302 3825 Spirituque
318 3745 379 3804 Dei
395 3745 493 3825 plenis
508 3745 764 3823 Arohiepiscopus
782 3742 859 3802 Stri-
960 3755 1027 3824 typ.
1045 3743 1142 3803 Acad.
1161 3739 1259 3802 1739.

120 3835 280 3912 goniensis
297 3843 413 3895 sumtus
429 3835 560 3906 offerret,
580 3853 633 3894 eas
656 3844 757 3894 tamen
772 3833 858 3912 prelo
914 3833 1031 3894 Statica
1046 3833 1084 3894 de
1098 3833 1246 3891 varietate
1261 3839 1293 3890 et
1316 3829 1554 3909 proprietatibus
1576 3831 1642 3888 Μο-

121 3924 239 4003 aubjici
253 3944 315 3985 non
338 3933 506 4004 pateretur.
530 3921 616 3984 Obiit
628 3923 811 4003 pieJanrini
828 3921 857 3984 7.
958 3933 1007 3983 tus
1023 3921 1169 3981 naturalis
1187 3929 1218 3980 et
1234 3919 1395 3979 artificialis
1412 3939 1477 3978 curn
1503 3919 1643 3978 methodo

124 4013 206 4093 Aug.
225 4011 322 4076 1674.
340 4023 400 4074 aet.
418 4012 471 4076 66.
958 4011 1094 4090 erigendi
1109 4010 1259 4076 machinas
1274 4010 1369 4090 iisque
1389 4008 1504 4068 utendi.
1533 4009 1642 4068 Cesso·

190 4105 251 4164 Est
266 4106 333 4182 ejus
349 4104 458 4164 latine:
957 4102 1025 4161 viae
1043 4096 1140 4162 1740.
1158 4095 1189 4161 8.
1206 4119 1232 4158 c.
1248 4099 1298 4176 fig.

126 4190 239 4254 Oratio
257 4193 297 4254 ad
312 4192 335 4253 J
337 4193 445 4253 oannis
460 4190 858 4272 TelegdiniArcbiepiscopi
911 4191 1073 4270 Hungaria
1087 4189 1235 4262 coelestis,
1258 4187 1486 4248 Astronomiam
1503 4195 1534 4247 et
1550 4185 1643 4248 Chro-

172 4281 351 4344 Ooloceusis
372 4290 504 4344 moestos
528 4283 656 4342 cineres.
679 4280 807 4341 Posonii
827 4283 857 4342 in
957 4281 1109 4360 uologiam
1128 4280 1160 4339 in
1185 4277 1364 4359 compendio
1389 4275 1545 4338 exhibens.
1570 4276 1643 4340 Cas-

168 4371 313 4434 Gomitiis
328 4371 412 4433 dicta
427 4381 458 4434 et
472 4372 556 4434 edita
563 4371 700 4432 Viennae
712 4368 809 4432 1647.
823 4369 856 4434 4.
955 4371 1060 4432 sosiae
1077 4365 1176 4432 1741.
1197 4365 1250 4431 12.

704 4491 830 4545 (rom)
1253 4488 1615 4542 (massmannum.)

166 4641 345 4706 1111011
367 4639 764 4718 Pammenesflnngarus,
779 4638 856 4699 Jau·
956 4639 1151 4704 mcum
1166 4637 1373 4709 Anamares,
1391 4635 1570 4708 Germanus,
1586 4631 1643 4693 Ju·
1711 4679 1717 4692 .

122 4732 181 4791 riui
200 4729 254 4793 11.
276 4732 363 4812 Sept.
386 4728 484 4793 1716.
506 4739 613 4804 nutus,
638 4739 700 4789 eet.
725 4726 777 4791 16.
800 4727 855 4788 So·
914 4727 1063 4809 denbnrgi
1076 4731 1108 4790 in
1124 4727 1228 4809 Styria
1251 4725 1305 4788 21.
1325 4725 1402 4802 Maji
1425 4721 1522 4785 1635.
1544 4731 1644 4798 natus,

120 4822 266 4890 cietatem
290 4823 464 4900 ingressus,
489 4819 636 4880 absolutis
658 4818 765 4879 studiis
786 4819 858 4878 Mis·
914 4829 945 4880 et
961 4829 1020 4880 aet.
1038 4818 1091 4886 16.
1106 4821 1137 4878 iu
1153 4818 1334 4878 Societatem
1341 4822 1492 4893 receptus,
1501 4813 1533 4871 in
1549 4833 1644 4894 eaque

120 4912 288 4972 sinnarium
319 4913 451 4990 primum
481 4931 537 4990 per
567 4909 757 4987 Hungariam
779 4909 854 4987 egit,
913 4906 1024 4971 4vota
1039 4910 1211 4989 professus,
1236 4905 1425 4965 humaniores
1445 4902 1571 4982 primum
1595 4903 1644 4964 lit-

123 5000 206 5080 quod
222 5001 398 5061 valetudine
414 5001 498 5061 tenni
513 5020 574 5060 non
593 5001 724 5073 ferente,
749 4997 857 5060 Caeso·
912 5008 997 5062 teras
1014 5000 1127 5076 docuit;
1152 5004 1216 5056 tum
1236 5015 1291 5075 per
1311 5013 1428 5052 ornnem
1450 4993 1545 5052 vitam
1566 4991 1645 5052 Oen·

121 5091 191 5151 viae
207 5089 425 5172 Philosophiae
440 5091 558 5152 Ductor
573 5097 708 5164 creatus,
732 5087 858 5150 eandem
912 5090 1105 5164 cionatorem,
1129 5085 1402 5166 Congregatiouum
1417 5081 1592 5144 Praesidem
1605 5095 1648 5143 et-

1384 5169 1427 5234 14
