4118 5960
1035 337 1256 404 ..04-

388 529 479 595 pore,
504 517 536 568 et
565 505 662 567 adhuc
684 503 815 564 absolito
833 499 948 564 Ordine
964 502 1121 564 Exercitia

387 597 561 681 spiritualia
578 597 609 658 S.
625 596 739 674 Ignatii
754 613 821 653 cum
831 593 977 672 singulari
992 593 1072 652 dono
1088 602 1120 654 et

385 693 487 752 fructu
518 708 578 748 non
615 682 795 765 explicando
829 683 861 742 iu
891 683 1015 756 Maner,
1050 682 1117 743 loco

385 779 584 842 recreationis
620 777 710 854 hujus
748 772 889 851 Collegii,
926 793 1016 852 quem
1050 774 1118 853 ipse

385 871 467 932 hunc
486 871 518 928 in
538 868 627 928 finem
650 865 766 943 magnis
791 863 939 923 sumtibus
960 863 1117 937 instruxit,

386 963 478 1022 etiam
501 958 546 1017 bis
572 959 603 1016 in
624 975 702 1015 anno
719 955 858 1014 Dominis
873 961 937 1012 tum
961 952 1119 1012 nobilitate

389 1061 453 1112 tum
476 1066 632 1109 munerum
653 1045 801 1122 dignitate
838 1042 1005 1120 insignibus
1026 1041 1119 1116 dedit,

388 1163 424 1202 ac
471 1138 590 1197 demum
635 1135 811 1194 meritorum
845 1133 951 1212 plenus
984 1132 1119 1210 piissime

388 1231 465 1292 obiit
501 1228 641 1286 Viennae
673 1222 704 1284 3.
740 1222 821 1300 Aug.
860 1217 957 1296 1775,
982 1229 1044 1282 881.
1071 1217 1123 1282 78.

455 1317 562 1378 Edidit
577 1317 688 1376 latine:

390 1411 534 1486 Quatuor
568 1405 698 1466 Saecula
728 1403 868 1462 laureata
896 1399 1126 1460 Austriacorum

436 1499 614 1567 Caesarum,
637 1496 761 1554 Pietate
785 1512 821 1552 ac
844 1490 1033 1562 Clementia,
1057 1488 1126 1548 dein

437 1589 530 1650 etiam
552 1585 625 1644 belli
645 1584 788 1663 pacisque
811 1580 927 1640 artibus
956 1579 1126 1652 illustrium,

435 1680 466 1738 in
497 1676 576 1736 felici
603 1674 718 1733 somnio
745 1671 895 1750 Scipionis
921 1667 1127 1748 Habspurgici

387 1759 394 1772 ¹
435 1765 591 1844 Rudolphi
608 1761 800 1824 adumbrata.
825 1759 966 1820 Oarmcn.
989 1758 1127 1819 Viennae

435 1853 534 1918 1731.
552 1851 583 1915 8.

387 1943 645 2023 Metamorphosis
676 1940 821 2000 Austriae
851 1939 916 1998 sive
946 1937 1126 1998 1181811818-

434 2037 543 2098 bulosa
564 2033 602 2092 de
624 2029 703 2091 Ortu
720 2040 752 2092 et
775 2030 947 2108 Progressa
969 2027 1126 2087 Austriae.

434 2127 574 2188 Viennae
592 2120 820 2182 Schwendman.
838 2116 936 2180 1732.
954 2113 985 2178 8.

390 2217 560 2294 Computus
580 2211 814 2270 Ecclesiasticus
835 2215 995 2286 excerptus
1012 2225 1050 2266 ex
1076 2203 1125 2264 In·

435 2301 645 2366 stitutionibus
670 2299 884 2380 philosophicis
901 2296 949 2357 cl.
974 2293 1126 2354 Edmnndi

434 2379 1084 2465 PurcbotiiSenon.ViennaeVoigtinl'i35
1093 2380 1124 2445 8.

459 2481 658 2544 Germanice:

391 2574 529 2638 Libellus
547 2590 626 2632 anno
644 2569 795 2630 saeculari
804 2565 1060 2646 congregationis
1069 2561 1124 2624 SS.

437 2663 626 2742 Angelorum
641 2669 784 2719 tutorum.

390 2753 529 2816 Libellus
552 2751 709 2810 continens
734 2749 835 2808 varior
858 2751 1006 2808 virtutum
1028 2751 1125 2817 actus,

437 2861 545 2924 preces
555 2841 802 2900 etiustitutiones
819 2839 858 2898 ad
867 2834 1125 2919 pietatemVien-

437 2954 496 2994 nae
515 2926 612 2993 1735.
630 2927 660 2990 8.

393 3023 506 3084 Concio
523 3021 560 3080 de
577 3020 614 3080 B.
632 3018 733 3079 Corde
749 3017 772 3078 J
773 3039 827 3078 esu
845 3018 1016 3098 inTemplo
1032 3017 1126 3078 Ursu-

435 3115 566 3174 linarum
582 3110 721 3168 Viennae
738 3108 818 3168 dicta
840 3117 870 3168 et
884 3110 1034 3188 impressa
1055 3107 1127 3168 ibid.

392 3295 531 3372 Denique
547 3289 705 3349 Exercitia
713 3287 780 3364 ejus
786 3284 1128 3365 spiritualiatrinmheb·

437 3379 600 3443 demadem
623 3387 762 3438 senocto
787 3376 904 3436 dierum
935 3377 1128 3436 Novitiorum

437 3473 544 3552 plures
561 3487 658 3528 exere
668 3468 734 3544 ejus
744 3475 874 3544 excepta
887 3467 1104 3544 conscripsere.

624 3607 695 3658 (licata
709 3611 728 3646 rt
742 3605 820 3655 Scripta
833 3605 895 3644 trev.
910 3605 975 3643 Austr.
990 3603 1102 3656 aarum.)

360 3749 361 3757 ¹
439 3759 575 3826 nom
598 3755 763 3816 Jossrnus
787 3753 993 3824 Faascrscns,
1016 3747 1131 3808 Oresta

395 3851 563 3930 Zagrabiae
579 3843 632 3910 28.
649 3845 722 3904 888.
742 3838 838 3904 1754.
855 3850 955 3913 88188,
971 3849 1032 3899 aet.
1049 3859 1129 3898 anno

398 3941 449 4004 15.
467 3941 652 4000 Societatem
668 3936 806 3994 Viennae
822 3934 986 4010 ingressus,
1007 3929 1128 3988 sublato

1176 508 1298 568 rentina
1315 507 1345 566 iu
1361 505 1569 568 laureatomm
1583 505 1832 570 Academicorum
1857 527 1910 568 nu-

1175 617 1290 657 merum
1300 595 1378 656 datia
1387 597 1604 676 diplomatibus
1612 607 1817 678 coaptaretur,
1833 617 1910 679 quac

1175 695 1278 748 tamen
1294 687 1423 765 insignia
1439 687 1486 748 vir
1502 690 1638 768 apprime
1652 689 1800 749 demissus
1818 689 1910 748 soler-

1172 785 1220 837 ter
1236 795 1357 854 semper
1371 777 1511 850 occuluit,
1528 778 1598 838 dum
1613 789 1683 858 post
1699 789 1826 838 mortem
1843 780 1911 856 ojus

1172 866 1397 945 detegerentur.
1421 864 1470 926 Ob
1485 867 1561 928 haec
1576 869 1642 945 ejus
1657 869 1768 928 merita
1783 870 1911 948 primum

1173 955 1213 1016 ab
1229 957 1385 1035 Episcopo
1409 956 1604 1036 Zagrabicnsi
1620 957 1791 1018 Oanonicus
1815 957 1911 1019 Obar-

1174 1047 1295 1119 meusis,
1303 1047 1373 1106 dein
1388 1047 1497 1126 aRege
1505 1067 1554 1108 au.
1566 1044 1662 1108 1800.
1672 1047 1843 1108 Cocanicus
1852 1047 1911 1106 Ec·

1179 1135 1291 1196 8188188
1308 1136 1501 1197 Cathedralis
1525 1137 1749 1216 Zagrabiensis,
1772 1135 1912 1197 Archidi·

1180 1245 1292 1286 acouns
1309 1227 1346 1288 de
1362 1225 1471 1287 Vaska
1491 1234 1522 1287 et
1544 1227 1583 1288 ob
1607 1227 1791 1306 singularem
1813 1229 1912 1306 pieta-

1181 1325 1252 1390 tem,
1276 1317 1473 1377 eruditionem
1490 1337 1526 1376 ac
1541 1317 1734 1396 prudentiam
1757 1316 1797 1376 ab
1821 1317 1911 1395 Epis-

1181 1425 1258 1485 copo
1275 1426 1331 1466 888
1349 1407 1465 1485 juniori
1489 1406 1581 1466 Claro
1605 1407 1738 1485 regende
1762 1407 1912 1478 admotus,

1181 1495 1236 1555 sed
1259 1505 1291 1556 et
1314 1515 1410 1576 aeque
1433 1497 1627 1556 laudabiliter
1657 1495 1697 1556 ab
1720 1506 1848 1576 utroque
1873 1495 1914 1555 ad

1181 1587 1282 1646 munia
1298 1585 1399 1646 civilia
1415 1586 1567 1646 adhibitus
1583 1595 1641 1660 ert,
1665 1585 1734 1646 dum
1750 1587 1913 1665 postremis

1182 1677 1269 1736 anuis
1286 1677 1394 1736 affecta
1411 1675 1582 1736 valetudine
1599 1697 1635 1736 ae
1656 1677 1835 1756 praesertim
1858 1695 1912 1754 po·

1183 1764 1279 1844 dagra
1294 1765 1423 1825 multum
1439 1765 1594 1840 laborans,
1611 1767 1691 1826 domi
1707 1786 1740 1825 se
1756 1767 1914 1825 continere

1183 1865 1359 1934 cogeretur;
1384 1856 1443 1914 etsi
1459 1875 1516 1914 nec
1531 1865 1593 1915 tom
1624 1875 1755 1936 unquam
1787 1857 1913 1926 otiosus,

1183 1945 1238 2005 sed
1253 1944 1292 2004 ad
1307 1945 1396 2004 finem
1411 1963 1508 2024 usque
1523 1947 1607 2005 vitae
1623 1945 1678 2025 piro
1694 1945 1809 2005 viribus
1832 1945 1914 2004 bono

1182 2043 1246 2095 tum
1261 2034 1427 2112 Religionis
1444 2043 1508 2094 tum
1525 2043 1624 2094 status
1641 2055 1674 2094 se
1697 2035 1913 2114 impendisset3

1180 2124 1351 2184 humilitate
1375 2124 1538 2202 singulari,
1564 2123 1685 2184 assiduo
1713 2126 1858 2185 orationis
1881 2135 1914 2183 et

1181 2215 1306 2294 pietatis
1330 2213 1444 2288 studio,
1468 2213 1616 2274 charitate
1639 2215 1670 2273 in
1693 2233 1844 2293 pauperes
1877 2235 1915 2273 ac

1180 2305 1344 2384 praecipue
1374 2305 1522 2383 potestati
1545 2323 1600 2363 suo
1624 2303 1796 2382 subjectos,
1819 2314 1850 2364 et
1883 2305 1915 2362 in

1179 2393 1366 2474 perferendis
1390 2393 1627 2454 adversitatibus
1650 2393 1806 2474 morbique
1830 2393 1915 2454 dolo·

1179 2482 1263 2542 ribus
1280 2485 1393 2542 invicta
1409 2485 1560 2564 patientia
1575 2482 1750 2544 Sacerdotis
1768 2483 1915 2544 Christia-

1180 2575 1211 2634 ni
1226 2591 1331 2632 vernm
1346 2573 1512 2652 exemplar.
1536 2570 1621 2633 Obiit
1642 2573 1789 2652 piissime,
1813 2581 1846 2632 ut
1870 2575 1916 2633 vi-

1181 2665 1236 2735 xit,
1253 2661 1423 2740 Zagrabiae
1441 2660 1692 2725 1888881819.
1710 2671 1759 2722 act
1778 2658 1831 2724 65.
1862 2663 1915 2722 Bi-

1181 2752 1362 2814 bliothecam
1377 2753 1443 2829 ejus
1456 2753 1653 2832 peramplam,
1677 2755 1862 2832 parsimonia
1870 2755 1916 2812 vi-

1182 2853 1234 2903 tae
1258 2849 1474 2920 comparatam,
1497 2843 1592 2902 irater
1615 2843 1681 2921 ejus
1706 2842 1918 2902 Bibliothecae

1182 2933 1323 3013 publicae
1338 2931 1523 2993 Academiae
1539 2931 1753 3011 Zagrabiensis
1778 2931 1919 2992 donauit.

1181 3023 1351 3083 Funebrem
1360 3021 1530 3100 elegantem
1541 3023 1568 3081 81
1577 3025 1607 3082 18
1616 3023 1721 3082 88888
1730 3021 1807 3081 dixit
1819 3023 1919 3082 Fran·

1183 3109 1919 3186 uiscusKlohammer,ProdirectorAcademicus,

1182 3205 1362 3283 impressam
1382 3200 1495 3262 ibidem
1517 3198 1614 3264 1819.
1638 3200 1670 3264 4.

1251 3292 1372 3370 Scripta
1401 3291 1480 3368 ejus,
1503 3291 1600 3352 latina
1617 3293 1726 3366 omnia,
1751 3301 1838 3353 sunt:

1181 3383 1369 3443 Dissertatio
1378 3380 1505 3461 physica
1515 3381 1552 3442 de
1568 3381 1658 3442 Aeris
1673 3383 1778 3442 factitii
1793 3403 1920 3460 genere,

1226 3481 1339 3532 natura
1370 3481 1401 3530 et
1421 3471 1612 3532 utilitatibus.
1635 3470 1758 3532 Jaurini
1780 3473 1921 3552 Streibig

1230 3558 1327 3622 1784.
1344 3556 1375 3621 8.

1183 3651 1265 3712 8888
1282 3671 1497 3730 campanarum
1519 3651 1644 3711 fulmina
1666 3653 1838 3730 promoveri
1861 3673 1919 3730 po·

1167 3731 1168 3736 ¹
1231 3742 1290 3800 tius
1323 3760 1412 3820 quam
1444 3741 1608 3821 prohiberi.
1639 3741 1779 3802 Prolusio
1810 3741 1922 3802 habita

1231 3829 1527 3910 Quinque-Ecclesia
1546 3829 1643 3892 1786.
1661 3828 1691 3892 8.

1184 3919 1405 3980 Commentatio
1430 3921 1467 3980 de
1496 3921 1707 3981 Electricitate
1737 3920 1853 3981 medica
1885 3923 1921 3982 in

396 4031 509 4094 Ordine
526 4025 740 4104 Philosophiae
757 4043 793 4082 88
816 4021 1003 4099 Theolugiae
1023 4019 1054 4078 18
1074 4040 1127 4099 pa·
1227 4011 1324 4088 Regio
1341 4008 1815 4092 MusacoQuinque·Ecelesiensi
1830 4013 1919 4070 inati-

394 4123 454 4182 tria
477 4139 592 4181 summa
617 4135 684 4175 curn
709 4112 798 4172 laude
823 4111 946 4182 studuit,
979 4107 1127 4168 Sacerdos
1227 4109 1295 4160 1818
1311 4121 1335 4158 8.
1353 4121 1380 4158 8.
1399 4097 1430 4160 8.

392 4213 492 4272 factus
510 4219 541 4267 et
556 4198 1126 4282 PhilosophiaeDoctorcreatua,Phy-
1181 4189 1375 4248 Reflexioues
1392 4191 1422 4249 in
1446 4188 1560 4248 Julium
1577 4189 1799 4268 Tranquillum,
1824 4187 1917 4248 Gom-

393 4303 487 4362 sicam
503 4296 697 4357 theoreticam
715 4301 746 4350 et
768 4288 1123 4370 experimentalem,lt1c-
1226 4281 1443 4338 mentetionem
1458 4279 1536 4338 hanc
1552 4280 1787 4358 impugnantem.
1807 4279 1920 4340 Badara

393 4389 549 4450 chanicam
572 4394 604 4444 et
619 4403 683 4442 rem
705 4383 849 4441 rusticam
871 4381 946 4458 ipsis
970 4377 1014 4440 20
1037 4379 1123 4437 anuis
1190 4389 1194 4400 ·
1226 4365 1323 4430 1790.
1341 4365 1372 4430 8.

392 4478 524 4552 hmini,
544 4475 597 4534 ubi
615 4474 729 4552 primus
743 4471 774 4530 in
794 4471 954 4549 Hungaria
970 4467 1124 4546 publicum
1180 4453 1404 4518 commentatio
1414 4459 1512 4519 altera
1523 4458 1560 4518 de
1576 4458 1785 4517 Electrieitate
1797 4457 1921 4518 medica

393 4569 477 4649 globi
508 4563 682 4626 cerostatici
713 4563 952 4640 experimentum
982 4557 1123 4630 instituit,
1215 4547 1246 4606 in
1266 4549 1391 4608 Musaeo
1423 4547 1549 4629 physico
1577 4546 1921 4628 Quinque-Ecclesiensi

393 4657 572 4738 Zagrabiae,
597 4651 894 4731 Quinque-Ecclesia
911 4647 1078 4708 eudemum
1092 4647 1123 4706 in
1216 4633 1919 4718 8888888811888888811818.Ρ88118117988.

392 4747 600 4809 Universitate
629 4741 780 4814 Budensi,
810 4741 895 4817 cujus
918 4747 949 4798 et
980 4735 1122 4796 Decanus
1180 4723 1242 4788 Are
1257 4730 1484 4790 Electrieitatis.
1500 4727 1617 4788 Pestini
1634 4723 1730 4788 1794.
1749 4727 1780 4790 8.
1791 4725 1918 4785 Deseri-

393 4849 426 4900 et
441 4839 556 4898 Rectm
571 4833 748 4910 magnificus
773 4839 904 4901 creatus,
928 4827 1041 4898 docuit,
1064 4846 1126 4886 ma·
1226 4822 1271 4881 bit
1286 4821 1388 4900 plures
1405 4819 1576 4878 curationes
1592 4817 1780 4876 diversorum
1793 4815 1919 4876 morbo-

393 4930 533 5006 ximequc
567 4943 601 4983 se
647 4920 799 4980 celebrem
843 4920 874 4978 vi
911 4915 1054 4976 electrica
1087 4913 1127 4974 ad
1227 4931 1293 4972 rum
1310 4912 1376 4988 ejus
1394 4929 1452 4989 ope
1469 4928 1487 4966 a
1504 4927 1535 4968 se
1550 4908 1657 4968 factas.
1720 4929 1722 4931 ·

393 5016 515 5079 morbos
533 5011 681 5074 curandos
698 5009 825 5069 feliciter
840 5007 975 5067 adhibita
988 5004 1127 5079 reddidit,
1182 4999 1257 5076 Ars,
1278 4999 1516 5060 Electricitatem
1541 4997 1640 5074 aegris
1662 5003 1731 5056 tuto
1752 4995 1921 5056 adhibendi

395 5107 483 5182 adeo,
507 5114 541 5164 ut
558 5094 1126 5177 8888888818118888111888811118·
1228 5111 1295 5150 cum
1316 5089 1446 5171 propriis
1467 5097 1530 5146 turn
1552 5087 1679 5146 chorum
1703 5085 1920 5146 celeberrimo-
