4118 5960
739 1169 1181 1280 SANCTUS

298 1498 941 1664 sacramus
1000 1502 1595 1686 aeaeae,

702 1847 1158 1968 '‘lulltroa

300 2025 330 2065 ,.

282 2113 334 2148 ³
469 2129 679 2207 ORDINIS
710 2129 1048 2210 OLERIOORUM
1075 2133 1424 2212 REGULARIUM

674 2401 1021 2474 §bellunm
1051 2403 1208 2486 ww,

189 2843 353 2922 Hispanus,
384 2841 544 2916 Cantaber,
569 2843 599 2902 in
623 2841 756 2903 Castello
783 2841 918 2921 Loyolae
973 2851 1113 2924 terosque
1153 2843 1262 2922 primos
1290 2841 1392 2903 Socios
1424 2842 1481 2902 sibi
1511 2844 1697 2922 aggregavit,

188 2951 280 3012 nobili
301 2971 412 3031 genere
431 2948 527 3016 1491.
547 2959 651 3024 natus,
673 2948 807 3029 ephebus
822 2950 916 3029 primo
972 2971 1037 3010 cum
1064 2949 1168 3031 quibus
1192 2947 1288 3011 1534.
1314 2951 1393 3010 votis
1416 2951 1517 3029 primis
1540 2951 1572 3009 in
1591 2951 1695 3010 Monte

188 3059 370 3120 Ferdinundi
390 3060 428 3118 V.
444 3059 532 3138 Hisp.
548 3059 656 3136 Regis,
676 3057 744 3116 dein
760 3057 815 3117 sub
830 3057 916 3119 Duce
970 3059 1139 3138 Martyrum
1155 3059 1285 3132 emissis,
1301 3059 1427 3118 Romam
1440 3061 1601 3138 profectus,
1618 3058 1696 3119 Onn-

189 3167 322 3245 Najarae
342 3187 424 3226 arma
434 3175 538 3226 contra
554 3164 656 3226 Gallos
673 3173 806 3238 secutus,
818 3163 913 3228 1521.
968 3167 1163 3228 firmationem
1184 3165 1303 3226 Ordinis
1320 3167 1365 3226 sui
1381 3188 1400 3227 a
1414 3167 1510 3227 Paulo
1526 3169 1584 3228 111.
1603 3169 1640 3227 P.
1657 3169 1697 3226 hl.

187 3277 219 3335 in
241 3275 394 3336 obsidione
413 3275 636 3354 Pompcjopolis
651 3273 834 3349 vulneratus,
856 3275 914 3336 lec·
968 3277 1067 3356 petiit,
1098 3284 1129 3336 et
1153 3272 1248 3337 1540.
1269 3276 1454 3356 impetravit,
1479 3275 1578 3336 addito
1600 3277 1694 3337 tribus

186 3385 224 3442 tis
266 3385 316 3444 otii
356 3383 469 3443 vitandi
503 3403 593 3444 causa
620 3383 796 3443 Sanctorum
833 3385 913 3460 vitis,
968 3384 1148 3445 solemnibus
1176 3394 1280 3464 quarto
1305 3394 1391 3460 voto,
1422 3386 1582 3446 Missiones
1605 3403 1713 3467 quas·

185 3492 311 3572 primam
330 3493 433 3554 relicto
455 3492 564 3552 mundo
588 3513 621 3553 se
636 3491 703 3552 Deo
720 3493 912 3564 consecrandi
967 3514 1083 3575 cunque
1107 3493 1144 3553 ad
1164 3501 1267 3553 nutum
1281 3494 1456 3554 Pontificius
1473 3493 1559 3554 Sedis
1581 3493 1690 3553 obeun-

186 3602 394 3680 oogitationem
412 3602 555 3680 concepit.
571 3601 724 3660 Restituta
738 3600 910 3662 valetudine
965 3602 1003 3662 di.
1036 3601 1156 3664 Ordinis
1181 3603 1226 3662 sui
1246 3602 1358 3682 primus
1378 3603 1574 3682 Praepositae
1592 3601 1689 3662 Gene—

158 3709 389 3770 ·Monseratum
414 3711 554 3790 primum,
584 3708 637 3774 nbi
662 3719 780 3769 noctem
808 3731 907 3771 coram
961 3713 1031 3772 ralis
1051 3733 1129 3772 anno
1151 3711 1286 3792 sequenti
1301 3710 1426 3783 electus,
1449 3730 1516 3769 eum
1532 3710 1617 3770 brevi
1632 3730 1687 3789 per

184 3818 220 3879 B.
247 3819 285 3879 V.
311 3820 427 3878 Mariae
455 3819 539 3878 icone
568 3838 656 3877 orans
681 3820 843 3898 transegit,
876 3829 908 3880 et
960 3819 1086 3895 Italiam,
1114 3821 1301 3900 Hispaniam,
1330 3819 1529 3892 Lusitaniam,
1563 3817 1685 3877 Germa-

185 3927 254 3988 hinc
268 3928 300 3986 in
315 3903 487 4006 speluncam
502 3927 775 4006 propchlanresam
791 3947 823 3987 se
839 3911 908 3988 con—¹
960 3929 1055 4002 niam,
1086 3929 1222 4008 Belgium
1252 3926 1380 4000 diffindit,
1411 3945 1467 4005 per
1491 3925 1684 3985 Franciscum

185 4035 269 4108 tulit,
294 4034 346 4094 ubi
371 4036 499 4114 ipsamet
520 4034 607 4095 Duce
628 4044 659 4095 et
674 4036 820 4115 Magistra
838 4038 906 4115 rigi·
962 4037 1128 4097 Xaverium
1143 4038 1173 4095 in
1189 4035 1312 4108 Indiam,
1328 4033 1495 4113 Japonem,
1513 4033 1638 4093 Ohinam
1653 4043 1685 4092 et

184 4140 335 4200 dissimum
356 4144 448 4202 vitam
469 4143 595 4216 ducens,
618 4152 649 4204 et
671 4144 906 4204 extraordinario
964 4141 1060 4208 1550.
1090 4144 1180 4206 etiam
1209 4146 1240 4203 in
1253 4141 1404 4228 Galliam,
1426 4163 1462 4202 ac
1494 4140 1620 4223 denique
1658 4142 1689 4202 in

183 4247 293 4309 lumine
314 4269 333 4309 a
352 4250 420 4310 Deo
449 4253 601 4330 perfusus,
632 4252 796 4312 litterarum
825 4254 906 4314 rudis
961 4253 1090 4313 Africam
1111 4251 1474 4329 etAmericaminduxit3
1496 4252 1592 4310 itaut
1620 4252 1685 4331 ipso

184 4357 386 4419 admirabilem
412 4359 495 4419 illum
521 4361 739 4432 Exercitiorum
770 4363 906 4442 spiritua·
960 4363 1030 4422 vivo
1042 4365 1107 4441 jam
1117 4361 1192 4421 XII.
1201 4361 1394 4434 Provinciae,
1412 4368 1443 4420 et
1457 4361 1488 4420 in
1502 4360 1547 4419 his
1565 4368 1685 4420 centum

181 4465 253 4526 lium
274 4467 381 4526 librum
403 4470 581 4549 composuit,
613 4473 697 4549 cujus
718 4472 821 4530 unicus
842 4491 906 4530 sco·
962 4471 1098 4550 Collegia
1118 4475 1354 4530 numerarentur.
1387 4467 1469 4530 Obiit
1498 4469 1632 4540 demum,
1655 4475 1708 4558 ut¹

182 4595 237 4654 pus
261 4577 430 4655 procuratio
446 4578 567 4656 majoris
584 4579 644 4638 Dei
659 4577 780 4639 Gloriae
797 4588 827 4638 et
843 4580 904 4638 ani·
958 4580 1041 4654 vixit,
1073 4579 1257 4640 sanctissime
1279 4581 1394 4640 Romae
1421 4575 1476 4642 31.
1493 4577 1518 4636 J
1518 4577 1567 4636 ulii
1586 4570 1683 4636 1556,

181 4703 295 4743 marum
312 4685 417 4745 salutis
430 4696 521 4746 esset.
537 4687 784 4765 Peregrinatione
802 4689 831 4746 in
846 4696 905 4746 ter·
959 4691 1067 4749 aetatis
1088 4685 1144 4764 65,
1175 4688 1322 4748 miraculis
1345 4696 1415 4748 ante
1438 4695 1469 4746 et
1487 4692 1557 4764 post
1573 4683 1686 4742 obitum

180 4811 244 4850 ram
266 4802 396 4853 sanctam
412 4795 505 4870 facta,
531 4797 637 4855 aetatis
658 4817 734 4856 anno
753 4793 806 4858 33.
823 4797 906 4856 Pari-
961 4797 1067 4873 clarus,
1090 4797 1129 4857 ob
1146 4817 1222 4878 qnae
1244 4818 1262 4856 a
1280 4796 1376 4856 Paulo
1400 4795 1437 4856 V.
1462 4787 1558 4854 1605.
1581 4791 1689 4850 Beato-

180 4900 232 4957 siis
255 4899 442 4964 humaniores
471 4905 599 4984 primum
620 4905 736 4965 litteras
757 4914 906 4984 repetere,
960 4927 1042 4981 rum,
1074 4915 1106 4967 et
1131 4926 1150 4965 a
1176 4904 1322 4984 Gregorio
1346 4903 1417 4963 XV.
1442 4921 1508 4960 cum
1529 4899 1688 4959 Francisoo

180 5023 242 5068 rum
270 5008 479 5091 Philosophiae
511 5033 547 5072 ac
567 5014 754 5093 Theologiae
786 5011 907 5074 studere
960 5015 1094 5079 Xaverio
1107 5015 1281 5076 Sanctorum
1298 5011 1434 5090 catalogo
1447 5006 1543 5073 1622,
1560 5009 1688 5088 adscrip-

183 5117 294 5197 coepit3
323 5117 374 5177 ubi
394 5121 426 5178 S.
447 5121 639 5182 Francisoum
654 5123 821 5183 Xaverium
842 5142 906 5183 cae·
961 5131 1010 5183 tus
1026 5133 1083 5184 est.

1455 5259 1471 5324 1
