4118 5960
695 724 1296 841 §cumeanus

500 1019 964 1137 Paovtuoruu
1010 1017 1510 1135 sussultans.

936 1527 1046 1689 h.

283 1843 389 1920 dBBI.
402 1856 598 1916 Faaucrscus
613 1855 967 1932 Xnvsnrusflungarus,

239 1948 376 2025 Manigae
385 1947 415 2004 in
422 1945 725 2025 provinciaNitriensi
741 1942 770 2005 9.
787 1943 966 2008 Julii1722.

238 2049 333 2108 natus,
345 2045 375 2096 et
385 2037 490 2106 aetatis
500 2032 552 2096 18.
560 2031 904 2114 societatem·iugressus,
915 2057 965 2096 au-

237 2128 299 2186 dita
315 2125 477 2210 Cassoviae
491 2125 694 2206 Philosophia,
708 2126 874 2205 Theologia
886 2129 964 2206 Tyr-

237 2212 964 2296 naviae,4votaprofessus‚PhilosophiaeDuctor,

236 2308 372 2366 Ethioam
390 2305 521 2380 Graecii,
538 2305 656 2367 daurini
677 2317 707 2368 et
727 2307 898 2386 Tyrnaviae
919 2307 968 2366 do·

1021 1857 1122 1916 Edidit
1138 1819 1226 1916 ctiam
1243 1867 1273 1914 et
1289 1854 1430 1934 dispersit
1450 1856 1551 1934 plures
1573 1853 1690 1914 libellos
1710 1853 1746 1912 de

1065 1947 1100 2007 Β.
1117 1947 1155 2007 V.
1187 1948 1282 2006 Maria
1307 1954 1338 2006 et
1362 1945 1497 2026 pagellas
1521 1947 1586 2025 pias
1611 1953 1746 2023 ternpore

1064 2038 1160 2118 pestis
1177 2038 1360 2117 Tyrnaviae.

1241 2159 1313 2212 (aena
1327 2165 1347 2196 et
1362 2159 1439 2208 Scripta
1452 2159 1512 2196 eser.
1525 2157 1590 2196 Austr.
1604 2157 1717 2208 Psintnsr.)

1068 2294 1208 2371 anim
1222 2307 1367 2368 decursas
1392 2305 1560 2366 Neroneo.
1582 2304 1747 2382 Hungarus

238 2398 504 2478 cuit,acreliquum
519 2398 598 2459 vitae
608 2398 800 2457 Missionibus
812 2399 903 2457 saeris
915 2419 969 2477 per
1024 2396 1351 2461 Chemnizii16.dulii
1374 2393 1460 2459 1738
1482 2405 1581 2468 natus,
1608 2403 1640 2454 et
1662 2389 1749 2454 1754

237 2489 357 2548 diversa
372 2488 547 2566 Hungariae
562 2488 629 2549 loca
644 2508 757 2548 summo
774 2489 838 2548 zelo
860 2490 967 2548 fructu·

240 2597 297 2658 que
313 2579 466 2657 impendit.
485 2577 589 2638 Soluto
596 2577 708 2639 Ordine
724 2579 834 2639 slavice
844 2579 967 2658 Eparia·

240 2669 295 2727 sini
311 2668 361 2728 diu
377 2668 577 2744 concionatus,
593 2669 700 2731 ibidem
714 2669 763 2749 pie
779 2668 851 2728 obiit
869 2666 965 2731 1784.

238 2769 296 2818 aet.
314 2755 366 2820 62.

305 2849 421 2909 Edidit:

238 2939 376 3001 Bethulia
391 2941 442 3020 pia
456 2939 479 3000 J
480 2940 600 3001 udithae
611 2939 712 3000 fraude
723 2949 851 3016 servata,
862 2942 965 3000 earmi-

282 3050 320 3090 ne
336 3032 511 3089 suavissimo
527 3031 629 3104 latino,
646 3049 713 3089 cum
728 3029 890 3091 Cassoviae
900 3031 964 3091 Hu-

282 3120 452 3179 manitatem
483 3119 613 3180 doceret.
643 3119 713 3180 ibid.
740 3117 826 3182 1749
849 3130 880 3182 et
911 3119 964 3184 50.

284 3209 363 3268 Voll.
385 3209 426 3268 H.
449 3207 501 3271 12.

238 3298 384 3359 Doctrina
405 3298 574 3360 Christiana
589 3321 643 3380 per
666 3303 854 3380 quaestiones
876 3313 906 3362 et
921 3324 965 3363 re-

282 3391 466 3469 sponsiones,
484 3391 603 3451 slavica.
627 3392 800 3471 Tymam'ae
819 3389 916 3454 1762.
935 3390 965 3454 8.

360 3493 432 3544 (θεώ
445 3499 465 3533 ct
477 3495 556 3544 Scripta
569 3495 629 3534 Pras.
643 3496 711 3534 Autr.
726 3495 816 3547 Compi.
830 3497 941 3548 Pulcher.)

280 3569 400 3631 ΔΒΔΠ
412 3569 698 3640 Hannmnnornnus,
712 3569 890 3644 Germanus,
903 3573 966 3651 Ty-

237 3659 362 3718 rolousis
378 3660 494 3720 Merani
512 3657 541 3721 1.
558 3660 642 3721 Junii
660 3658 748 3723 1692
765 3672 862 3735 natus,
881 3658 965 3723 1711

236 3749 417 3810 Societatem
432 3751 602 3830 ingressus,
626 3751 672 3810 vir
688 3752 812 3812 eximiae
829 3753 967 3812 sanctita·

235 3841 283 3913 tis,
307 3839 408 3920 (quam
423 3843 552 3900 maxime
568 3862 603 3902 eo
618 3842 773 3920 probavit,
797 3842 875 3922 quod
895 3851 967 3902 voto

238 3929 446 4009 spoponderit,
486 3932 600 4011 quoties
630 3940 720 3991 noctu
752 3933 898 4012 evigilarit
929 3933 967 3992 ad

237 4019 421 4080 adorandum
428 4021 528 4080 Deum
534 4021 762 4082 eucharisticum
776 4043 808 4082 se
819 4032 966 4083 surrectu-

235 4131 311 4182 rum,
328 4111 408 4192 quod
429 4112 518 4170 etiam
538 4113 769 4191 saepiuseadem
779 4123 867 4173 nocte
882 4134 966 4192 prae-

234 4201 331 4281 stitit),
354 4220 420 4260 cunr
436 4201 527 4261 vitam
543 4222 659 4262 ornnem
669 4204 760 4263 sacris
775 4204 964 4264 missionibus

235 4309 289 4371 per
334 4290 524 4364 Corinthiam,
556 4293 687 4372 Styriam
718 4301 748 4354 et
778 4294 964 4374 Hungariam

234 4383 446 4460 transegisset,
466 4384 641 4462 'Pyrnaviae
656 4385 782 4462 primum
801 4395 865 4444 turn
887 4385 963 4444 Leo·

232 4472 384 4552 poldopoli
399 4473 449 4533 luo
465 4473 580 4534 infectis
602 4475 745 4548 inserviit,
762 4495 820 4555 qua
836 4484 867 4535 et
890 4476 963 4555 ipse,

129 4565 137 4576 '
232 4571 265 4621 ut
290 4563 419 4642 suspicio
436 4573 492 4636 est,
513 4573 678 4643 correptus,
694 4574 844 4643 postremo
855 4566 885 4625 in
897 4565 963 4624 loco

233 4653 364 4730 piissime
381 4653 454 4715 obiit
472 4651 522 4717 13.
545 4655 634 4714 Mart.
653 4651 749 4717 1740.
771 4655 872 4714 Edidit
896 4675 963 4735 ger-

233 4744 360 4804 maniae:

1021 2491 1051 2550 in
1086 2491 1267 2552 Societatem
1298 2496 1451 2566 receptus,
1466 2485 1613 2546 absolutis
1645 2483 1749 2543 studiis

1021 2583 1133 2664 aliquot
1153 2581 1237 2641 annis
1257 2579 1430 2640 Praefectus
1450 2579 1480 2636 in
1502 2575 1648 2636 Conviotu
1670 2575 1748 2654 Tyr·

1021 2676 1155 2735 naviensi
1185 2681 1216 2733 et
1249 2669 1270 2732 4
1298 2679 1371 2728 vota
1405 2668 1559 2748 professus
1593 2687 1620 2725 a.
1662 2661 1748 2726 1773

1020 2764 1139 2826 Jaurini
1164 2764 1322 2824 Professor
1347 2759 1560 2838 Philosophiae
1583 2765 1614 2816 et
1639 2755 1749 2814 studio-

1020 2877 1085 2915 rum
1109 2856 1279 2916 inleriorum
1312 2851 1494 2930 praefectus,
1526 2848 1594 2908 dein
1625 2846 1749 2906 Posonii

1020 2949 1049 3006 iu
1073 2945 1219 3007 Conuicto
1239 2942 1390 3003 Nobilium
1411 2939 1568 3019 Tymavia
1582 2937 1640 2996 huc
1669 2945 1749 2994 tran·

1020 3039 1097 3098 slata
1129 3035 1173 3099 20
1200 3053 1296 3116 prope
1321 3031 1404 3090 annis
1433 3029 1586 3089 Historiae
1620 3035 1750 3086 statuum

1020 3129 1194 3201 Professor,
1226 3147 1261 3186 ae
1290 3123 1408 3182 demum
1434 3119 1543 3180 ibidem
1570 3117 1668 3177 soluto
1693 3113 1749 3174 Or·

1021 3220 1089 3280 dine
1109 3219 1212 3280 ultimo
1237 3214 1355 3276 biennio
1381 3211 1463 3290 apud
1482 3211 1606 3268 Fratres
1635 3207 1749 3267 Miseri-

1021 3310 1140 3370 cordiae
1163 3317 1310 3379 moratus,
1335 3302 1497 3382 apoplexia
1515 3301 1592 3360 ictus
1613 3299 1664 3377 pic
1676 3297 1749 3356 obiit

1022 3400 1074 3464 22.
1090 3401 1164 3479 blaji
1181 3397 1276 3470 1821,
1297 3403 1355 3456 aet.
1373 3389 1425 3455 83.

1094 3490 1196 3551 Edidit
1210 3491 1317 3550 latine:

1022 3583 1127 3644 Oratio
1151 3582 1188 3641 de
1216 3581 1270 3640 SS.
1291 3575 1422 3654 Virginis
1443 3572 1556 3632 illibato
1581 3569 1747 3648 Conceptu.

1067 3673 1240 3753 Tyrnaviae
1259 3662 1353 3732 1767.
1370 3662 1402 3726 4.

1022 3765 1163 3844 Systema
1179 3757 1477 3840 antiphilosophioum
1497 3752 1534 3813 de
1551 3751 1664 3830 origine
1680 3749 1748 3810 eivi-

1065 3855 1145 3914 tatis.
1162 3851 1285 3913 Posonii
1300 3847 1424 3910 Schauff
1437 3841 1532 3905 1801.
1550 3838 1579 3902 8.

1021 3945 1236 4022 Fragmentum
1247 3939 1416 4001 Statistieae
1426 3935 1611 3994 Graecorum
1617 3931 1654 3991 de
1664 3929 1748 3990 disci-

1069 4037 1149 4116 plina
1170 4034 1275 4092 civium
1292 4040 1322 4090 et
1339 4027 1517 4088 educatione
1528 4021 1697 4101 juventutis
1718 4020 1758 4078 in·

1066 4135 1149 4185 certa
1165 4123 1264 4202 capita
1280 4119 1441 4181 redactum.
1458 4113 1580 4174 Posonii
1599 4107 1694 4173 1801.
1718 4107 1747 4168 8.

1020 4215 1117 4276 Sensa
1133 4214 1214 4274 Cleri
1231 4210 1377 4290 Gallicani
1399 4206 1556 4268 occasione
1575 4203 1746 4264 Revolutio-

1063 4308 1107 4365 nis
1123 4305 1247 4384 gallicae
1262 4301 1460 4371 manifestata,
1476 4295 1650 4374 compendio
1667 4292 1746 4352 exhi·

1064 4395 1134 4456 bita.
1149 4394 1271 4455 Posonii
1285 4392 1402 4472 Belnay
1420 4384 1515 4451 1804.
1532 4383 1562 4447 8.

1063 4544 1406 4629 inlustramus,
1429 4553 1603 4630 Hungarus,
1619 4547 1648 4606 in
1669 4545 1746 4604 Dor-

1017 4651 1105 4711 mind
1114 4650 1280 4711 Comitatus
1287 4637 1542 4707 Hevesiensis28.
1554 4639 1630 4697 Dee.
1649 4631 1746 4706 1716,

1021 4751 1119 4815 natus,
1131 4749 1190 4800 aet.
1203 4737 1254 4802 19.
1263 4737 1406 4798 Societati
1416 4733 1592 4810 adscriptus,
1603 4735 1634 4786 et
1648 4723 1748 4787 4vota

233 4832 341 4894 Facilis
357 4843 389 4893 et
405 4855 511 4895 secura
521 4835 570 4894 via
582 4835 620 4896 ad
631 4835 766 4909 Caelum,
780 4855 834 4895 seu
848 4835 968 4914 Regula
1022 4833 1176 4913 professus
1191 4829 1405 4909 Repetentium
1424 4825 1520 4905 primo
1538 4819 1560 4879 J
1562 4818 1656 4878 aurini
1673 4818 1745 4876 Pro·

278 4924 397 4984 vivendi
412 4935 443 4985 et
458 4925 644 4986 Devotiones
673 4935 770 4986 statae
784 4927 815 4986 in
833 4926 966 5004 singulos
1021 4924 1117 4983 sessor
1147 4931 1210 4981 tum
1240 4917 1450 4996 Philosophiae
1471 4913 1587 4971 Doctor
1610 4908 1746 4968 Ethicarn

280 5033 384 5088 annos,
400 5035 528 5088 menses,
550 5017 624 5078 dies.
644 5017 803 5095 Augustae
819 5051 830 5062 ·
846 5016 965 5077 Vindel.

276 5103 368 5163 Veith
385 5101 480 5169 1733.
498 5102 527 5168 8.

1021 5013 1196 5092 Tyrnaviae
1208 5007 1422 5071 tradiditDeiu
1437 5002 1573 5084 pluribus
1583 5001 1655 5062 locis
1666 4997 1744 5058 Con-

1021 5105 1201 5165 oionatorem
1215 5099 1407 5178 hungaricam
1417 5095 1487 5174 egit.
1503 5093 1641 5173 Denique
1658 5090 1746 5150 etiarn
