4042 5950
1003 285 1237 352 ,360-

362 451 402 511 ll.
420 451 540 512 Tullius
550 449 656 512 Cicero
672 450 770 511 libera
784 451 943 532 vinctaque
959 453 1097 512 66611666
1152 447 1205 515 26.
1229 449 1293 512 661.
1316 445 1412 512 1669.
1434 459 1539 526 natus,
1560 471 1577 512 6
1600 450 1738 532 collegio
1758 451 1886 512 Pamn-
2005 473 2006 500 1

409 541 587 602 celebratus.
606 539 724 602 Graecii
740 539 958 604 widm.1653.
976 538 1007 603 8.
1152 541 1448 622 niauol’hilosophus
1456 541 1639 603 Societatem
1664 543 1820 622 ingressus
1841 551 1891 602 eat

709 661 781 714 (6.6.
795 663 903 712 ‘aaran
917 664 978 703 rm.
992 665 1072 719 sua.)
1153 632 1288 694 Viennae
1304 640 1363 692 aet.
1381 629 1434 693 21.
1455 639 1547 714 atque
1562 629 1584 694 4
1599 640 1674 693 rota
1688 633 1842 712 professus
1857 642 1891 692 et
2005 631 2006 638 ’

1153 724 1309 802 utriusque
1334 721 1485 783 facultatis
1512 722 1630 784 Ductor
1659 722 1890 802 Philosophiam

411 811 597 875 sumu
609 809 1099 892 NrcouAUS,Hungarns,6.Ma1-t.
1153 813 1282 894 primum
1303 811 1498 894 quadriennio
1520 823 1583 873 tum
1603 814 1710 888 Casus,
1731 813 1790 874 Jus
1809 814 1892 872 Pon·

367 897 465 965 1666.
490 911 593 974 natus,
621 911 652 962 ct
673 909 732 961 aet.
753 898 807 962 22.
829 901 1012 963 Societatem
1039 925 1099 964 am-
1154 904 1276 964 1166166
1292 902 1540 982 etDogmatioam
1558 900 1599 966 12
1616 905 1703 966 aunis
1714 903 1892 984 Tyr-neriae

367 992 489 1072 plexus,
513 990 626 1053 4vota
640 993 817 1072 professus,
857 994 950 1054 vitam
983 1015 1100 1054 omnem
1155 994 1266 1055 docuit.
1285 993 1397 1054 Rector
1417 992 1485 1054 dein
1505 992 1634 1073 Collegii
1661 994 1788 1068 ibidem,
1813 993 1893 1054 (lan-

369 1083 580 1157 concionando,
589 1081 743 1163 operando
760 1102 794 1142 ac
809 1083 943 1144 diversas
952 1105 1008 1164 per
1016 1085 1100 1146 Hun-
1137 1083 1320 1156 .cellarius,
1350 1082 1472 1163 Regeus
1504 1083 1668 1146 Convictus
1699 1085 1845 1144 nobilium
1861 1091 1893 1143 et

368 1173 483 1251 gatiam
499 1173 629 1252 regendo
646 1173 750 1234 domus
766 1173 920 1254 impendit,
936 1185 967 1236 61
982 1185 1102 1257 666166·
1156 1173 1328 1236 Rubrorum
1349 1173 1484 1254 pluribus
1506 1176 1591 1236 annis
1612 1175 1675 1236 1611.
1691 1175 1729 1238 16
1744 1175 1825 1234 omni
1841 1193 1893 1234 ve·
2006 1199 2007 1214 ¹

369 1265 508 1342 genucius
523 1263 619 1324 adhuc
650 1264 681 1324 S.
713 1263 892 1324 cathedram
925 1266 1104 1342 conscendit,
1158 1287 1192 1326 ro
1224 1263 1358 1326 doctrine
1388 1285 1423 1324 ac
1453 1267 1614 1345 praecipue
1646 1265 1677 1326 in
1692 1266 1772 1327 Jure
1803 1283 1892 1324 sacro

369 1355 477 1434 pieque
504 1353 579 1414 obiit
609 1355 784 1436 Tymaviae
814 1353 868 1418 23.
896 1357 975 1416 Nor.
1008 1355 1104 1420 1738.
1159 1355 1236 1416 adeo
1253 1353 1409 1428 excelluit,
1425 1365 1459 1414 ut
1480 1357 1509 1414 iu
1526 1355 1624 1418 causis
1640 1355 1793 1436 perplexis
1810 1373 1891 1414 com·

370 1453 429 1504 aet.
448 1439 499 1505 72.
1159 1447 1287 1506 muniter
1302 1445 1523 1520 consuleretur,
1546 1455 1577 1508 61
1597 1446 1634 1506 61)
1651 1446 1718 1526 1666
1736 1445 1892 1524 Arcbiepi·

370 1533 520 1594 Assiduus
535 1535 566 1595 in
581 1534 709 1614 legcndo
741 1535 772 1594 S.
794 1536 978 1616 Augustino,
1017 1557 1104 1619 quem
1160 1535 1827 1617 scopoStrigouicueiiusanctioremscuatum
1841 1555 1892 1594 vo-

416 1633 511 1685 totnm
542 1626 704 1706 pervolvit,
728 1627 830 1706 plures
847 1649 885 1688 ex
902 1647 938 1687 eo
960 1629 1105 1690 Tomulos
1160 1637 1290 1688 caretur.
1307 1627 1390 1686 luter
1405 1625 1770 1688 haecdemissiouisanimi
1787 1636 1893 1686 tautae

418 1716 647 1796 compendiavit.
1161 1719 1223 1792 fuit,
1240 1727 1274 1777 ut
1289 1716 1328 1777 ad
1339 1717 1463 1796 januam
1479 1717 1597 1780 infimae
1614 1719 1704 1778 sortis
1719 1716 1891 1777 homiuibus

712 1837 784 1890 (6.6
798 1845 818 1879 a
833 1841 911 1890 6666
925 1841 986 1880 rm.
1001 1842 1082 1894 aaa.)
1162 1807 1284 1870 consilio
1301 1826 1369 1870 6666
1402 1805 1579 1886 adjuvandis
1616 1828 1737 1888 semper
1768 1817 1892 1888 paratus

1162 1907 1253 1960 66661.
1299 1897 1429 1958 Domum
1481 1919 1592 1959 annum
1631 1898 1782 1976 integrum
1828 1919 1890 1956 cum

419 1985 606 2050 uuam
637 1989 780 2062 Parrus,
804 1987 984 2068 Hungarus,
1008 1991 1039 2048 iu
1059 1989 1106 2049 Pi·
1163 1989 1274 2050 morbis
1290 1987 1479 2048 conflictatus
1495 1990 1546 2068 pia
1562 1989 1636 2050 obiit
1652 1989 1831 2070 Tymaviae
1842 1985 1893 2048 30.

374 2097 434 2157 uye
457 2077 574 2138 ditionis
598 2088 741 2158 pateruae
762 2078 826 2138 vico
850 2077 879 2140 7.
901 2077 985 2158 Sept.
1010 2077 1107 2144 1689.
1164 2083 1248 2160 Sept.
1267 2075 1364 2140 1729.
1387 2087 1447 2138 aet.
1470 2076 1524 2141 60.

373 2177 463 2228 natus
485 2177 515 2228 et
539 2167 659 2229 Jaurini
690 2179 749 2230 aet.
785 2167 835 2230 16.
867 2169 898 2229 in
928 2169 1109 2232 Societatem
1231 2168 1333 2229 Edidit
1347 2168 1455 2230 labne:

376 2267 549 2338 cooptatus,
571 2259 697 2320 decursa
720 2269 750 2320 et
770 2269 963 2340 propugnata
990 2261 1109 2340 Tyras·
1165 2259 1364 2321 Academicus
1394 2257 1433 2318 de
1464 2269 1532 2320 ente
1559 2260 1692 2320 naturali
1723 2259 1895 2340 disputans.

377 2350 444 2408 viae
461 2349 631 2429 Theologia
646 2352 694 2430 piu
711 2351 783 2410 obiit
799 2347 829 2411 3.
839 2349 923 2430 Sept.
940 2347 1035 2412 1779.
1052 2361 1110 2414 661.
1210 2351 1388 2432 Tyrnaviac
1406 2347 1503 2412 1706.
1522 2347 1552 2412 8.
1584 2351 1715 2412 Revisus
1731 2361 1763 2411 et
1778 2359 1895 2410 666166.
2009 2404 2010 2426 ,

446 2529 560 2589 Ibidem
576 2529 687 2590 docens
703 2531 794 2590 edidit
808 2532 913 2594 latine:
1165 2530 1315 2592 Duodena
1366 2528 1599 2592 conclusionum
1642 2529 1896 2592 Animasticarum

378 2622 445 2680 Rea
460 2619 636 2680 Innocentis
650 2621 759 2680 infore
776 2621 944 2683 academico
961 2623 1112 2698 absoluta,
1212 2621 1435 2704 quaestionibus
1457 2621 1580 2682 curiosis
1594 2621 1754 2682 illustrata
1778 2622 1895 2702 Tyrus·

423 2711 486 2770 eivs
503 2711 600 2770 Maria
616 2711 713 2790 Virgo
730 2711 788 2772 Dei
804 2713 904 2772 Mater
920 2713 958 2774 ab
976 2715 1113 2793 originali
1213 2713 1280 2772 vise
1297 2708 1393 2774 1706.
1415 2707 1466 2773 12.

423 2801 492 2862 labe
509 2803 642 2862 oratorie
657 2802 786 2863 dictione
803 2803 1114 2886 defensa.'1'yrnaviae
1169 2803 1333 2864 Axiomata
1361 2801 1691 2882 christiano-practica.
1720 2803 1897 2884 Tyrnaviae

810 2975 817 2990 ⁸
966 3019 1089 3070 (mm
1172 2983 1391 3064 Quinquageua
1414 2979 1547 3044 Casuum
1563 2981 1600 3044 de
1611 2983 1809 3044 Sacramento
1825 2982 1898 3042 Pos-

1216 3075 1359 3134 niteutiae
1376 3072 1586 3136 resolutorum.
1602 3073 1791 3154 Tyrnaviae.
1806 3069 1896 3135 1716.

429 3164 606 3232 mm
621 3164 645 3225 J
647 3153 794 3240 osauuus‘,
820 3165 996 3240 Germanus,
1018 3167 1116 3247 Tyro·
1219 3161 1271 3228 12.

383 3251 709 3316 leusis1689.uutus
733 3267 764 3316 et
785 3257 814 3316 iu
840 3259 1025 3339 provinciam
1056 3257 1118 3316 Au·
1174 3257 1291 3318 Theses
1323 3253 1511 3335 theologicae
1534 3254 1572 3316 de
1602 3253 1669 3314 Deo
1701 3253 1773 3316 Uno
1790 3266 1822 3315 et
1836 3253 1894 3313 Tri-

386 3345 524 3403 striacam
554 3356 709 3426 receptus,
732 3345 851 3406 Jouriui
867 3349 976 3426 primus
997 3367 1120 3408 neuere·
1220 3367 1259 3406 no
1291 3366 1329 3406 ex
1360 3346 1425 3424 ejus
1456 3345 1699 3408 Paelectionibus
1725 3344 1898 3406 elucidatae.

388 3443 466 3494 ctam
487 3433 710 3516 Philosophiam
726 3436 835 3511 docuit,
852 3437 1056 3498 Bibliothecae
1072 3458 1120 3498 66-
1221 3437 1394 3516 Tymariee
1412 3433 1508 3500 1727.
1525 3433 1556 3499 8.

389 3524 554 3584 techeticae
571 3525 610 3585 ad
626 3526 779 3586 61666
794 3527 929 3608 pluribus
941 3529 1025 3587 66616
1034 3547 1122 3607 prae·
1177 3527 1295 3587 Thesea
1326 3525 1512 3605 theologicae
1534 3527 1570 3588 de
1591 3527 1736 3602 Peccatis,
1751 3525 1857 3586 Gratia
1873 3534 1904 3586 et

387 3615 443 3674 suit
459 3615 566 3696 pieque
584 3616 656 3676 obiit
672 3616 858 3696 Glagenfnrti
874 3615 904 3680 3.
921 3619 1000 3698 Aug.
1023 3615 1121 3680 1738.
1221 3617 1341 3678 Merito.
1357 3616 1473 3678 Eodem
1488 3617 1554 3678 loco
1571 3627 1601 3678 et
1617 3637 1706 3678 anuo.

389 3715 449 3766 act.
466 3703 521 3766 49.
1178 3708 1321 3768 06616616
1357 3705 1488 3767 Casuum
1524 3707 1734 3770 Conscientiae
1768 3725 1807 3766 ex
1839 3707 1904 3786 ejus

390 3796 604 3857 Bibliothcoam
626 3796 809 3878 praedictam
837 3799 972 3879 pluribus
999 3799 1122 3860 lectisei-
1223 3797 1476 3878 praelectionibus
1507 3820 1567 3880 qus
1599 3796 1815 3866 decretalibus,
1849 3817 1903 3877 qua

434 3887 488 3946 mis
504 3885 658 3948 doctrinae
675 3901 706 3950 61
721 3891 841 3970 61616116
857 3889 967 3950 libellis
985 3891 1079 3950 auxit.
1222 3887 1411 3968 theologicis,
1428 3909 1494 3950 oum
1510 3887 1684 3970 Appendice
1700 3888 1731 3948 iu
1747 3899 1900 3968 utramque

961 4012 1099 4064 (mm)
1225 3979 1485 4059 Quinquagcnam.
1502 3979 1677 4060 Tyrusviae
1706 3987 1738 4038 61
1758 3977 1894 4040 Viennae.

437 4161 597 4225 ΤΔΠΔΜ
619 4161 793 4234 NlcohAUS,
817 4161 997 4238 Hungarust
1022 4160 1126 4220 audita
1207 4193 1277 4244 (tirstn
1297 4195 1318 4230 61
1332 4193 1409 4242 Scripta
1423 4193 1484 4231 ΡΜ.
1498 4191 1636 4241 1661666116.
1656 4191 1750 4230 8666666.
1773 4189 1877 4241 Μὶν.)

392 4249 566 4332 Tyruaviae
591 4251 785 4331 Philosophia
816 4261 846 4312 et
880 4250 1050 4330 Theologia
1071 4271 1126 4332 per

394 4337 438 4402 20
454 4360 548 4400 66666
564 4339 784 4422 Leopoldopoli
805 4341 1010 4402 Contionator
1030 4342 1130 4400 slavo·
1228 4337 1435 4403 atamen
1455 4339 1634 4411 Muacmoa,
1655 4337 1832 4418 Hungarna,
1848 4335 1897 4398 21.

394 4433 477 4492 nicus
494 4430 603 4491 ibidem
619 4433 667 4512 pie
685 4431 759 4492 obiit
778 4429 874 4496 1737.
1184 4430 1275 4490 Febr.
1295 4425 1502 4504 1701616166,
1526 4441 1557 4490 et
1573 4438 1633 4490 aet.
1651 4425 1703 4490 18.
1721 4427 1760 4488 66
1776 4427 1906 4488 Societa-

463 4519 521 4581 Eat
536 4523 602 4600 ejus
617 4522 723 4582 latine:
1183 4530 1244 4581 tem
1270 4519 1432 4594 admissus,
1456 4519 1624 4580 Oassoviae
1647 4519 1769 4578 Possim
1785 4517 1908 4579 6111166-

395 4612 553 4674 Viudiciae
577 4612 871 4694 illibatiCouccptus
888 4613 1026 4674 Mariani.
1052 4613 1130 4694 Tyr·
1185 4613 1312 4671 toricam
1333 4605 1448 4684 docuit,
1472 4620 1502 4671 61
1523 4607 1634 4671 46616
1649 4609 1803 4690 professus
1819 4611 1911 4668 vitam

440 4705 547 4764 naviae
565 4699 661 4766 1700.
680 4701 711 4766 4.
1185 4703 1247 4764 fere
1264 4721 1380 4762 omnem
1397 4699 1611 4772 concionando,
1629 4697 1783 4780 operando
1799 4699 1910 4760 611116-

977 4825 1103 4878 (mm)
1185 4794 1284 4852 616666
1312 4813 1367 4872 per
1388 4791 1576 4870 Huugariam
1600 4790 1738 4852 obeundo
1754 4789 1912 4868 transegit,

1184 4894 1214 4942 et
1231 4883 1329 4944 soluto
1347 4879 1462 4944 Ordine
1480 4881 1564 4941 obiit.

438 4972 932 5047 61110166161666666666,
962 4974 1127 5052 Huugarus
1250 4970 1352 5033 Edidit
1369 4972 1474 5034 latine:

391 5063 423 5122 in
446 5061 531 5123 Valle
558 5084 694 5126 rosarum
721 5065 898 5126 Provinciae
929 5065 1126 5125 l'osoniensis
1184 5059 1380 5142 Horologium
1397 5063 1556 5142 Sapientis,
1573 5059 1730 5123 duodecim
1747 5059 1803 5122 diei
1820 5062 1914 5120 actio·
