3990 5950
1038 357 1280 422 -12‘2-

407 528 475 590 dein
490 521 751 588 serenissimam
773 526 839 603 ejus
855 523 982 586 filiarum
996 523 1132 584 Elisabe·
1186 521 1287 582 Decas
1302 517 1441 597 Auguste
1455 537 1509 577 eeu
1524 517 1667 578 Lustrum
1686 520 1828 596 geminum
1843 521 1892 581 Im·

406 617 476 680 thae
491 629 523 680 et
537 615 733 696 Magdalenae
749 615 947 676 Archiduenm
968 613 1133 696 Gymeceo
1231 610 1305 692 perii
1330 609 1458 688 Augusti
1483 607 1583 667 Caroli
1605 609 1661 668 Vl.
1683 629 1749 669 eum
1768 625 1895 672 securata

405 710 507 770 multis
523 709 609 768 cunis
624 729 643 768 a
659 708 750 768 sacris
767 707 918 788 obsequiis
934 707 1001 784 iuit;
1026 709 1075 768 vir
1090 705 1134 764 in-
1232 701 1302 762 belli
1324 699 1427 760 tureici
1452 697 1605 758 relatione.
1630 699 1764 761 Viennae
1784 700 1895 780 Voigtin

405 800 596 878 tegerrimus,
627 798 677 878 qui
707 799 833 878 primam
864 799 1051 859 innocentiae
1074 805 1133 856 sto-
1235 789 1331 854 1724.
1349 787 1379 852 8.
1395 811 1426 850 n.
1451 815 1456 826 ¹

406 889 466 951 lam
482 889 597 950 tumulo
614 888 750 950 intulisse
770 887 913 962 creditur,
937 911 1025 971 quem
1047 887 1135 968 petiit
1189 882 1369 946 Germaniae
1395 881 1506 941 Sacrae
1535 880 1651 940 ‘l'oruus
1678 881 1705 938 Ι.
1735 880 1896 960 Metropolis

405 981 541 1042 Viennae
557 981 587 1040 in
602 979 701 1040 Domo
716 980 854 1060 professa
875 975 927 1043 15.
943 981 1018 1060 Apr.
1038 974 1134 1042 1728.
1236 971 1455 1036 Laureaeensie
1474 989 1534 1030 una
1558 989 1623 1030 cum
1644 971 1826 1050 Episcopatu
1844 973 1896 1032 Po

406 1081 465 1132 aet.
489 1067 543 1132 63.
1235 1064 1361 1127 tavienei
1390 1060 1596 1140 chronologice
1617 1061 1778 1140 proposita
1804 1062 1896 1140 Angu-

472 1158 575 1220 Edidit
590 1159 698 1220 latine:
1233 1168 1298 1218 ctae
1313 1151 1433 1215 Vindel.
1457 1150 1608 1212 Schllltter
1623 1161 1654 1212 et
1670 1151 1795 1230 Hupeeh
1810 1149 1896 1213 1727.

406 1250 572 1329 Navigatio
588 1249 726 1310 laureata
742 1251 880 1332 quoniam
891 1251 1053 1311 victoriosa
1063 1251 1135 1311 Divi
1232 1248 1283 1310 tol.
1301 1279 1343 1292 -
1359 1243 1472 1303 Tomue
1488 1241 1531 1301 11.
1546 1241 1828 1322 Archiepiseopatus
1849 1243 1896 1302 Sa-

450 1341 604 1402 Francisci
633 1341 766 1420 Borgise
786 1342 824 1402 ed
847 1351 965 1422 portum
985 1343 1067 1402 ritae
1089 1363 1135 1404 re·
1233 1333 1428 1414 lisburgeneis
1443 1332 1652 1411 chronologice
1662 1332 1896 1412 propositus.1bi·

451 1441 569 1512 pertum
584 1431 614 1491 in
629 1433 742 1492 funere.
764 1431 902 1492 Ommen.
919 1432 1038 1494 Graecii
1052 1433 1135 1493 haer.
1234 1431 1301 1492 dem
1316 1425 1394 1486 idem
1412 1417 1507 1486 1729.
1523 1423 1575 1482 sol.
1592 1422 1822 1483 —Tomusllh
1833 1423 1896 1482 Pro-

450 1521 629 1582 Widmanst.
648 1520 744 1588 1692.
761 1519 792 1585 8.
1234 1521 1355 1582 dromua
1370 1513 1597 1592 deEpiacopstn
1612 1513 1837 1585 Ratiabonensi,
1852 1533 1898 1573 seu

404 1611 519 1672 Pressa
542 1633 602 1672 non
631 1633 779 1693 oppressa
804 1613 907 1674 Pietas
931 1613 962 1674 in
986 1613 1135 1692 Alphonsi
1234 1606 1406 1673 Informah'o
1427 1604 1588 1664 summaria
1610 1603 1649 1664 de
1680 1601 1759 1664 Sede
1788 1603 1898 1684 antiqua

450 1703 506 1762 Vl.
528 1703 702 1764 Lusitaniae
725 1704 819 1784 Regis
842 1702 991 1784 Oonjuge.
1008 1703 1132 1764 Drama
1232 1695 1444 1766 Ratishonensi
1459 1713 1515 1754 nee
1528 1715 1589 1755 non
1608 1693 1861 1772 salisburgensem
1873 1704 1898 1754 et

450 1789 569 1853 Graecii
585 1792 695 1853 Widm.
715 1791 810 1856 1697.
828 1789 859 1858 8.
1231 1795 1455 1869 Frisingensem
1466 1784 1584 1864 plenius
1596 1785 1761 1845 illustrans.
1777 1783 1898 1844 Viennae

404 1881 508 1944 Suada
541 1882 646 1944 ludens
682 1883 957 1945 Dissertatiunculis
994 1885 1132 1944 oratoriis
1231 1889 1376 1988 'l'rpttuer
1400 1871 1631 1938 1751101-
1656 1873 1743 1954 Opus
1764 1872 1897 1934 eruditum

450 1975 624 2034 exercitata.
655 1974 791 2050 Viennae
813 1976 908 2056 Leop.
923 1975 1018 2054 Voigt
1036 1969 1132 2038 1698.
1232 1988 1263 2040 et
1294 1981 1447 2038 exactum,
1477 1967 1562 2044 eujus
1584 1965 1777 2026 Continuatio
1805 1966 1897 2026 merito

453 2060 504 2125 12.
712 2095 714 2102 ·
1232 2063 1365 2150 optanda
1383 2065 1481 2128 essct,
1512 2065 1546 2115 ut
1565 2055 1684 2135 seriptis
1704 2065 1749 2115 tot
1769 2056 1895 2134 ignoran-

404 2153 491 2214 Lucii
501 2153 634 2214 Senecae
647 2153 782 2236 Operum
795 2155 1070 2236 philosophicorum
1080 2156 1132 2216 Se·
1231 2161 1305 2220 fiam
1326 2161 1378 2216 aut
1397 2144 1647 2210 heterodoxorum
1668 2145 1777 2226 opponi
1796 2155 1897 2225 poeaet,

449 2242 553 2304 lectus.
585 2246 693 2306 Partes
708 2247 750 2306 H.
767 2246 903 2307 Viennae
923 2259 989 2328 typ.
1010 2246 1132 2307 Oosme·
1232 2251 1282 2332 qni
1311 2241 1444 2306 Annales
1481 2237 1712 2298 Ecclesiasticus
1747 2237 1895 2316 timiiul

450 2335 526 2394 rovii
543 2331 638 2396 1701.
657 2333 709 2398 12.
1233 2336 1411 2402 Germaniae
1427 2335 1472 2390 lot
1487 2326 1648 2388 mendffllifl
1660 2339 1691 2389 01
1701 2327 1847 2386 081Μῦἥῦ
1853 2325 1895 2385 de·

741 2421 813 2476 (ar-r·
827 2423 1012 2474 asneurm.
1026 2423 1106 2476 sm.)
1230 2431 1406 2510 figarum,

451 2514 603 2576 ΗΔΠΙῙΖ
626 2515 768 2588 Marcus,
793 2513 971 2590 Germannr,
988 2515 1132 2576 Gentiiori
1185 2521 1356 2602 Responsio
1366 2516 1403 2577 sd
1419 2507 1588 2587 Epistolam
1603 2509 1642 2568 R.
1666 2509 1701 2568 P.
1717 2507 1805 2568 Bern.
1819 2505 1896 2566 Pelrii

405 2603 436 2664 in
452 2603 613 2664 Cerinthia
628 2601 683 2666 25.
700 2605 775 2684 Apr.
795 2601 890 2668 1683.
906 2617 1011 2680 natue,
1027 2617 1057 2668 et
1073 2616 1132 2667 aet.
1232 2613 1380 2680 (Viennae
1398 2599 1495 2668 1731.
1510 2596 1557 2679 4.)
1573 2617 1666 2679 super
1681 2599 1752 2660 Vita
1762 2599 1794 2660 S.
1810 2595 1896 2656 'Prud-

408 2691 459 2756 15.
478 2694 620 2755 Societati
636 2695 779 2770 insertus,
801 2693 824 2757 4
847 2707 918 2757 vota
933 2699 1086 2778 professus
1102 2708 1134 2758 et
1231 2702 1308 2765 berti
1339 2695 1480 2776 Martyris
1511 2689 1542 2749 in
1575 2691 1746 2769 Brisgorie.
1775 2690 1898 2749 Viennae

405 2783 618 2865 Philosophiae
633 2785 758 2859 Doctor,
775 2787 900 2848 eandem
911 2787 1031 2849 Graecii
1043 2789 1132 2848 trien·
1232 2789 1455 2856 Schwendiman
1473 2775 1569 2841 1731.
1585 2777 1618 2842 4.

406 2875 456 2935 ιιὶο
472 2874 585 2951 docuit;
609 2885 672 2935 tum
688 2896 863 2956 peromnem
879 2879 970 2938 vitam
985 2879 1132 2940 Historio-
1187 2883 1353 2947 Illurtratio
1371 2871 1560 2959 apologetica
1574 2868 1731 2931 Prodromi
1746 2869 1897 2948 Episcopa-

405 2965 536 3046 graphua
567 2965 693 3026 diversio
713 2968 743 3028 in
768 2967 928 3048 collegiis,
956 2969 994 3030 sd
1018 2969 1049 3030 8.
1069 2970 1132 3029 An·
1231 2985 1281 3036 tue
1297 2962 1535 3034 Ratisbonenair.
1552 2958 1708 3042 (contrad
1729 2959 1837 3041 scripta
1855 2955 1898 3016 ed·

405 3077 464 3117 nse
480 3056 631 3130 Viennae,
655 3057 829 3133 Neostadii,
845 3059 986 3135 Oremsii,
1003 3060 1131 3139 Clegen·
1230 3083 1335 3126 versuo
1353 3081 1420 3122 eum
1436 3051 1529 3132 edita)
1547 3053 1682 3112 wennae
1700 3047 1795 3113 1755.
1811 3046 1842 3109 4.

405 3147 631 3222 furtiveraatus,
646 3149 716 3228 quin
731 3150 856 3212 Romam
865 3152 955 3212 etiam
971 3171 1132 3212 excurrere
1184 3154 1361 3238 Diuquisitio
1378 3151 1416 3211 de
1431 3147 1542 3208 Velore
1557 3141 1787 3221 Privilegiornm
1807 3139 1898 3198 Liber·

405 3237 576 3317 permissus,
600 3248 633 3297 ut
653 3237 763 3319 ubique
777 3240 980 3302 Bibliothecae
1001 3252 1064 3302 tum
1079 3241 1130 3302 do·
1230 3247 1300 3307 tatis
1322 3238 1499 3304 llouaeterii
1524 3231 1749 3292 Emerenensis.
1775 3231 1898 3291 Vrennse

406 3327 545 3386 meoticas
562 3337 624 3387 tum
640 3337 770 3402 exteras,
785 3339 816 3390 et
830 3331 860 3392 in
875 3330 1132 3412 hisMannscripta
1229 3336 1374 3396 'Prettner
1399 3324 1496 3392 1755.
1517 3320 1549 3385 4.
1574 3356 1620 3369 -
1647 3321 1784 3402 Cumque
1809 3329 1898 3380 eontra

408 3416 597 3497 potissimum
632 3428 830 3496 scrutaretur,
862 3425 990 3483 maxime
1030 3431 1129 3482 tarum
1228 3425 1388 3507 prodiisset
1419 3416 1566 3480 Excuesio
1595 3412 1818 3494 Diuquieitionie
1847 3417 1897 3469 etc.

407 3507 544 3566 Viennae
571 3507 601 3566 in
629 3507 727 3569 Domo
752 3513 887 3591 professa
910 3523 1043 3573 moratus
1068 3521 1128 3587 est,
1229 3514 1412 3576 Ratisbonae
1430 3505 1527 3572 1755.
1544 3501 1575 3566 4.
1592 3503 1643 3564 ille
1659 3503 1805 3583 reposuit:

407 3595 458 3656 ubi
474 3604 505 3656 et
519 3597 565 3656 vir
581 3618 639 3658 non
655 3599 750 3659 minus
766 3603 833 3681 pius
849 3611 880 3663 et
901 3603 1018 3664 zelosus
1040 3623 1130 3685 quam
1182 3607 1403 3668 Documentum
1419 3595 1595 3661 decisoriam
1610 3595 1688 3654 Litia
1700 3592 1738 3654 de
1753 3592 1828 3653 Sede
1843 3589 1896 3649 tto

408 3685 543 3748 eruditus
559 3687 633 3748 obiit
648 3685 702 3750 25.
722 3691 852 3772 Augusti
875 3690 971 3755 1766.
993 3705 1052 3754 aet.
1076 3689 1129 3755 84.
1229 3697 1346 3757 nautica
1382 3693 1452 3752 olim
1488 3685 1674 3750 Ratiebonae
1713 3683 1896 3765 propositum.

472 3775 574 3837 Edidit
589 3778 694 3840 latine:
1229 3787 1367 3847 Viennae
1383 3783 1527 3843 'lhattner
1546 3772 1641 3838 1755.
1657 3773 1691 3836 4.

405 3865 618 3928 commentarii
632 3871 956 3953 ReymundiPrincipis
972 3875 1127 3936 Montecn-
1183 3875 1450 3940 considerationes
1488 3870 1550 3931 XV
1584 3865 1622 3926 de
1652 3873 1734 3925 statu
1764 3871 1795 3924 et
1815 3857 1895 3920 Bonis

449 3958 507 4018 culi
535 3957 644 4020 Partes
668 3961 710 4020 11.
728 3983 794 4022 cnm
807 3963 997 4045 Aphorismis
1019 3967 1127 4026 milite·
1227 3965 1449 4028 Ecclesiasticis
1465 3981 1505 4022 ex
1536 3956 1627 4020 certic
1650 3976 1743 4016 sanae
1765 3951 1896 4012 Politices

447 4048 530 4108 ribus
546 4051 704 4130 applicatis
725 4051 763 4112 ad
784 4055 932 4114 rationem
954 4056 1026 4116 belli
1047 4055 1128 4118 Tur·
1227 4056 1379 4139 principiie
1396 4073 1451 4134 pro
1467 4046 1779 4112 detensionelnstituti
1795 4039 1897 4102 Catho-

449 4139 503 4198 ciei
519 4140 548 4198 in
564 4139 722 4220 Hungaria
736 4143 869 4222 gerendi.
887 4143 1005 4206 Graecii
1029 4143 1126 4210 1716.
1227 4149 1277 4208 liei
1293 4155 1324 4208 et
1340 4144 1519 4205 Austriacae
1535 4139 1666 4221 pietatis.

449 4239 481 4288 et
499 4226 550 4290 1⁷-
568 4227 598 4290 8-
1186 4227 1696 4301 mnrairoorercemrenem
1722 4226 1801 4304 nug.
1827 4219 1896 4296 naj.

406 4316 645 4399 Qffiflqumlum
681 4321 813 4383 Primum
838 4325 958 4407 Imperii
981 4328 1130 4388 Romano·
1230 4327 1333 4388 (laroli
1360 4325 1415 4386 Vl.
1437 4332 1469 4384 et
1499 4317 1696 4381 Elisabethae
1721 4337 1740 4376 a
1765 4318 1896 4390 suscepta

451 4406 618 4469 Germanici
640 4409 740 4472 Caroli
755 4413 810 4474 VI.
827 4415 945 4477 Graecii
967 4415 1062 4480 1717.
1078 4417 1130 4479 tot.
1229 4417 1391 4479 Bohemiae
1407 4413 1618 4474 coronatione.

449 4517 475 4557 θ·
490 4497 544 4577 fig·
1183 4507 1329 4589 Analyais
1356 4507 1539 4566 Monitorum
1564 4499 1821 4580 genealogicormn
1843 4489 1893 4550 Pa·

405 4585 643 4670 Quinqueunium
659 4589 826 4654 Secundum
836 4595 979 4674 ejusdem.
992 4597 1128 4659 Viennae
1227 4598 1356 4678 lignesii.

452 4675 547 4741 llll·
562 4680 613 4744 f01·
630 4701 655 4740 θ·
671 4681 722 4762 fig·
1181 4687 1405 4751 Demonstratio
1417 4683 1588 4768 synthetica
1602 4681 1640 4743 de
1654 4679 1837 4746 necestitate,
1851 4689 1895 4727 ve·

404 4767 804 4854 PalliumArchiepiscopale
816 4773 897 4835 Cela.
907 4795 942 4834 ac
958 4775 1034 4836 Rev.
1040 4775 1124 4837 Prin·
1224 4780 1314 4840 ritate
1326 4787 1356 4838 et
1367 4775 1519 4856 capientia
1533 4773 1638 4833 Moniti
1655 4767 1812 4854 pastoralia
1823 4761 1893 4822 Golt-

449 4859 521 4938 cipio
538 4861 721 4939 Sigiemundi
744 4883 763 4922 a
784 4863 955 4938 Kollonitu,
978 4867 1065 4946 primi
1086 4867 1125 4926 Α.
1225 4879 1256 4930 et
1270 4871 1346 4930 Rev.
1358 4866 1505 4946 Principis
1522 4863 1559 4924 de
1572 4864 1726 4923 Trantaon
1737 4850 1892 4932 Archiepis·

448 4947 594 5031 Episcopi
609 4951 803 5028 Viennensis,
820 4974 886 5014 cum
909 4975 945 5016 eo
976 4951 1071 5020 1723.
1096 4959 1126 5018 in
1226 4959 1293 5040 copi
1309 4958 1497 5018 Viennensis.
1860 4965 1861 4968 ’

449 5037 580 5100 Basilica
596 5039 628 5099 8.
645 5042 791 5124 Stephani
808 5045 1010 5127 applaudente
1026 5046 1125 5110 (lollo-
1181 5047 1328 5110 Analecta
1344 5067 1397 5108 seu
1414 5047 1607 5108 Oolleetanea
1620 5063 1676 5124 pro
1691 5037 1824 5102 Historia
1842 5031 1890 5090 0⁸·

449 5129 499 5209 gio
523 5129 554 5190 fl.
569 5129 601 5190 J.
617 5131 821 5214 insigniretur.
1227 5137 1352 5200 riuthiae
1368 5135 1579 5199 concinnanda.
1603 5131 1689 5216 Opus
1706 5129 1891 5214 posthumum.
