3948 5946
986 329 1231 392 -210-

347 491 530 556 indefessum
547 487 726 569 Oporarinm
742 490 819 568 egit,
836 489 973 552 Viennae
993 511 1081 570 prae·
1199 488 1370 551 103113
1392 487 1690 562 Basunonosssnus,
1717 488 1816 568 Briga,
1841 509 1856 552 a

329 583 453 664 ,sorsin
474 581 570 661 pastis
590 589 621 640 et
647 578 811 638 obsidionis
841 581 976 640 turcicae
1006 591 1081 642 tem·
1136 577 1484 652 ProvinciaAustriace,
1501 579 1712 638 Miasionarius
1727 580 1856 658 inlieguo

347 693 423 754 pore
439 671 492 732 ubi
507 669 632 730 militum
647 677 678 728 et
694 689 863 749 pauperum
885 670 1028 730 solatium
1050 679 1082 730 et
1137 667 1217 727 Ohili
1233 668 1395 728 Americae
1411 667 1629 741 Meridionalis,

349 762 478 843 asylum,
502 759 630 838 ideoque
649 759 718 818 Em.
739 759 967 837 Archipraesuli
988 760 1021 820 S.
1041 761 1079 819 R.
1204 757 1306 833 cujus:

347 853 387 914 E.
405 849 559 914 Oardiuali
575 869 594 910 a
613 848 764 910 Kolonicu
781 851 897 930 totique
919 851 1080 910 Nobilitati
1136 845 1281 926 Epistola
1297 845 1336 906 ad
1351 844 1388 904 P.
1404 845 1547 906 Ketteler
1564 845 1596 906 S.
1616 845 1650 906 J.
1674 866 1712 906 ex
1736 845 1857 908 (livitats

350 961 465 1002 summo
482 941 513 1000 in
528 940 627 1019 pretio
648 939 712 997 fuit.
737 939 850 1000 Rector
874 939 993 999 demum
1013 939 1082 1000 Col·
1184 934 1403 1014 conceptionis
1431 933 1484 997 12.
1504 936 1580 996 Dec.
1604 933 1703 998 1688.
1725 936 1760 996 de
1779 939 1857 996 mori·

348 1031 420 1110 legii
435 1029 613 1090 Leobicnsis
621 1028 756 1108 piissime
770 1028 844 1088 obiit
860 1025 973 1090 8.Dec.
985 1027 1081 1092 1709.
1182 1024 1239 1084 bus
1256 1026 1423 1086 incolarum
1439 1035 1470 1086 et
1491 1025 1612 1086 dotibus
1632 1037 1762 1088 naturae
1779 1026 1858 1104 hujus

350 1134 410 1182 eet.
429 1117 483 1182 74.
1182 1115 1279 1193 regni.
1298 1149 1343 1162 -
1358 1117 1532 1194 germanice
1546 1116 1576 1174 in
1592 1115 1753 1177 Stiicklein
1766 1117 1801 1176 P.
1822 1117 1859 1176 II.

416 1208 521 1268 Edidit
536 1207 707 1286 gemonios
723 1209 815 1268 tacito
831 1209 966 1268 nomine:
1183 1225 1214 1268 n.
1231 1201 1286 1266 46.

349 1300 411 1360 Ars
427 1317 547 1377 semper
562 1296 724 1376 gaudendi.
750 1298 927 1377 Tyrnaviae
945 1295 1044 1363 1679.

350 1388 556 1464 Quotidianae
585 1388 723 1446 actiones
748 1406 805 1465 pro
834 1388 962 1468 singulis
992 1388 1083 1448 horis.
1183 1381 1860 1458 noscamermenseneermannsin·

396 1480 533 1540 Viennae
552 1473 650 1542 1683.
670 1473 722 1538 12.
1138 1491 1196 1534 nae
1221 1473 1368 1535 Austriae
1400 1471 1451 1534 11.
1478 1473 1560 1553 Aug.
1583 1471 1682 1536 1732.
1708 1485 1810 1546 uatus,
1836 1483 1862 1534 et

349 1569 479 1630 Messias
495 1566 591 1644 digito
616 1566 856 1640 demonstratus,
880 1587 935 1628 sen
955 1567 1084 1646 Symbo·
1139 1571 1201 1622 aet.
1229 1560 1540 1624 tenementum
1570 1563 1723 1638 adscitus,
1750 1561 1773 1624 4
1799 1571 1862 1622 vota

393 1660 456 1718 lum
470 1654 689 1735 Apostolorum
697 1656 1083 1717 hebraico-christianornm
1138 1652 1294 1732 professus
1310 1662 1341 1712 et
1358 1651 1574 1732 Philosophiae
1589 1653 1723 1726 Doctus,
1746 1653 1862 1713 eandem

394 1747 499 1808 Veteri
523 1747 608 1824 Lege
633 1755 664 1806 et
694 1745 856 1825 Prophetis
882 1767 937 1806 uec
961 1766 1024 1806 non
1054 1747 1085 1806 in
1138 1742 1236 1804 Lincii
1253 1742 1385 1814 biennio,
1410 1751 1474 1802 tum
1489 1741 1612 1802 (irascii
1627 1743 1768 1802 Ethicam
1788 1743 1861 1822 quin·

394 1838 485 1897 Nova
508 1835 610 1913 Lege,
631 1837 904 1896 vetustissimorum
929 1836 1083 1896 Rabbiuo-
1139 1832 1267 1912 quennio
1288 1831 1407 1905 docuit,
1432 1851 1499 1890 oum
1520 1832 1669 1892 curandae
1693 1831 1862 1892 valetudinis

394 1948 461 1987 rum
478 1935 509 1984 et
524 1925 683 1984 Ecclesiae
703 1923 895 1986 Christianae
914 1926 1084 1986 Doctorum
1139 1940 1232 1982 causa
1248 1922 1397 1983 Viennam
1415 1918 1513 1986 1771.
1529 1922 1561 1982 in
1575 1921 1863 1982 DomumAnnaean

396 2015 576 2078 testimoniis
593 2013 761 2088 nudatum,
786 2016 817 2075 in
834 2035 892 2095 quo
908 2015 1001 2075 Josus
1021 2016 1083 2074 Ne·
1138 2010 1264 2084 missus,
1288 2008 1343 2072 27.
1365 2010 1450 2070 Junii
1472 2009 1608 2089 ejusdem
1628 2012 1701 2072 anni
1726 2011 1776 2092 pie
1795 2011 1861 2070 obiit

397 2125 527 2184 serenus
543 2124 562 2163 e
578 2102 600 2161 J
602 2103 706 2162 udaeis
722 2104 881 2164 crucifixus
897 2125 987 2164 verns
998 2105 1083 2164 Deus
1141 2109 1200 2162 eet
1217 2096 1271 2162 39.

396 2197 474 2256 etin
490 2193 574 2271 Lege
592 2193 662 2253 olim
677 2195 842 2272 promissus
863 2195 992 2256 Messias
1016 2213 1084 2256 esse
1206 2189 1310 2249 Edidit
1326 2190 1438 2250 latine:

396 2286 511 2364 etjam
532 2282 693 2346 advenisse
716 2283 800 2344 velut
821 2283 915 2363 digito
934 2294 1085 2344 monstra·
1138 2278 1350 2340 institutiones
1366 2278 1584 2358 Philosophiae
1604 2278 1736 2340 hloralis
1759 2279 1863 2340 dnobus

398 2385 459 2437 tnr.
481 2373 671 2452 Clagenfurti
687 2373 870 2454 Kleinmayr
888 2371 985 2435 1707.
1000 2371 1033 2435 4.
1184 2368 1323 2447 pertibus
1340 2368 1584 2449 comprehensae,
1609 2376 1639 2428 et
1658 2369 1691 2429 in
1711 2389 1797 2430 usum
1819 2388 1862 2427 au·

352 2465 510 2528 Exercitia
524 2462 699 2544 spiritualia
719 2462 756 2523 P.
771 2462 932 2544 Isquierdo
953 2463 986 2524 S.
1010 2463 1043 2526 J.
1067 2483 1087 2522 a
1184 2457 1317 2520 diturum
1331 2457 1547 2538 Philosophiae
1560 2459 1763 2540 consumptae.
1778 2456 1862 2518 (iras-

398 2573 545 2616 sermea
1186 2547 1224 2607 cii
1260 2547 1399 2610 Lechner
1443 2545 1543 2610 1769.
1584 2544 1616 2610 8.
1652 2547 1863 2626 Norirnbargae

371 2673 470 2728 (ss-„t
484 2674 537 2712 sos.
551 2672 608 2712 ιιιιι.
622 2671 693 2712 οη...
707 2675 767 2713 ona
779 2679 800 2714 a
813 2673 892 2724 man·
904 2675 966 2712 sav.
980 2673 1060 2727 ιιιιι.)
1188 2633 1285 2700 177οι
1302 2635 1334 2700 3·

397 2821 549 2886 mm
579 2819 825 2896 Praetutianus,
848 2820 1032 2900 Huugarus,
1055 2821 1087 2880 in
1746 2757 1843 2812 (Η)

354 2910 508 2972 comitatu
539 2909 751 2988 Neogradensi
785 2908 836 2973 14.
868 2911 953 2990 Sept.
988 2907 1085 2972 1700.
1186 2907 1346 2972 novus
1369 2904 1549 2980 Josnsnus,
1573 2905 1748 2981 Helvetiae,
1764 2905 1864 2983 Brigac

354 3010 444 3066 natus
466 3011 497 3062 et
518 3009 576 3061 aet.
601 2996 654 3061 18.
679 2999 863 3062 Societatem
882 3001 1037 3080 ingressus
1058 3009 1089 3061 et
1142 2999 1175 3058 in
1189 2997 1327 3058 Vellesis
1350 2993 1740 3072 19marru1674nates,
1753 2989 1864 3058 sealt.

355 3089 378 3154 4
409 3100 485 3151 vota
516 3090 686 3169 professus,
711 3090 851 3150 Ethicam
882 3089 1088 3170 Claudiopoli,
1144 3087 1287 3148 Societati
1318 3107 1352 3148 ss
1383 3087 1413 3146 in
1442 3087 1599 3165 provincia
1627 3085 1791 3146 Austrinos
1821 3081 1865 3144 ad·

356 3179 588 3242 controversias
606 3181 782 3258 Tyrneviee
799 3179 1090 3258 docuit,Oollegium
1144 3176 1228 3252 dixit,
1244 3187 1275 3238 et
1290 3175 1313 3238 4
1326 3187 1402 3237 vota
1417 3177 1582 3254 professus,
1599 3186 1726 3257 praeter
1742 3173 1865 3244 Sanaos,

353 3269 589 3348 Ungnariuense
620 3269 701 3328 rexit
732 3277 764 3328 et
791 3270 843 3349 pie
869 3269 943 3330 obiit
968 3268 1092 3330 Jauriui
1146 3267 1253 3347 quibus
1270 3267 1309 3328 ad
1324 3265 1472 3348 populum
1487 3265 1574 3339 dixit,
1589 3265 1686 3326 vitam
1703 3283 1798 3345 paene
1813 3283 1865 3323 om·

355 3355 453 3422 1663.
471 3367 530 3417 aet.
548 3353 603 3418 63.
1146 3377 1215 3418 nem
1229 3357 1260 3416 in
1276 3357 1395 3430 castris,
1411 3355 1585 3416 triremibus
1601 3365 1633 3414 et
1648 3357 1745 3443 sacris
1760 3353 1864 3414 missio

424 3445 528 3506 Edidit
542 3445 652 3505 latine:
1146 3446 1234 3506 nibus
1255 3447 1367 3524 exegit.
1392 3445 1435 3506 Et
1455 3441 1615 3526 quidem6
1645 3447 1735 3506 annis
1765 3443 1865 3504 Gaesa-

358 3534 467 3597 Oratio
499 3534 537 3594 de
567 3533 758 3594 immaculato
784 3535 918 3614 Virginis
938 3537 1092 3618 Deiparse
1146 3555 1199 3596 reo
1217 3537 1363 3596 exercitui
1386 3555 1475 3595 sacre
1497 3535 1644 3616 obsequia
1663 3533 1821 3614 impendit,
1839 3537 1865 3590 st

403 3625 573 3704 Conceptn.
598 3625 776 3704 Tyrnaviae
793 3621 892 3688 1729.
1147 3645 1288 3706 supremo
1306 3625 1465 3686 Curionis
1482 3625 1590 3685 caetris
1607 3623 1776 3686 discedenti
1793 3641 1864 3682 men·

360 3715 476 3776 Indicia
500 3714 676 3775 Sanctitstis
694 3713 886 3794 hungaricae.
914 3717 1093 3796 'l‘ymaviae
1147 3735 1211 3775 sem
1226 3723 1257 3774 et
1273 3713 1352 3774 diem
1367 3715 1469 3775 obitus
1485 3714 1646 3793 praedixit,
1658 3715 1711 3794 qni
1726 3723 1757 3774 et
1771 3711 1867 3774 eodem

404 3803 503 3870 1737.
1150 3803 1199 3866 die
1214 3813 1245 3864 et
1266 3823 1368 3866 mense
1388 3805 1499 3864 evenit.
1522 3804 1585 3864 Sex
1606 3804 1693 3864 annis
1716 3803 1865 3864 Misaionu

939 3892 1065 3946 (Nm)
1151 3914 1252 3956 sacras
1276 3913 1360 3954 more
1374 3895 1412 3954 P.
1429 3895 1555 3972 Segneri
1571 3893 1675 3955 obivit.
1702 3889 1867 3967 Quindecim

406 4037 580 4104 numen
595 4035 737 4110 Pennus,
756 4035 879 4112 Oronte,
894 4035 1092 4101 netns1581.
1148 3983 1448 4133 ἒξὲζῗὲΐέωῶῗῖὴῗὲ
1464 3983 1867 4134 ῐζξῖἰζξὶᾱζιῖθιῗὲᾙ

358 4131 498 4234 Posegae
514 4129 544 4186 in
561 4125 715 4231 Slavonia,
730 4123 1012 4232 tivotoproiessus,
1038 4149 1090 4190 eu·
1149 4156 1864 4243 ommamoonspmffiopoffioempmfflln.

359 4239 407 4277 nrs
425 4237 520 4300 prope
538 4212 580 4278 18
595 4215 742 4276 fervidum
753 4216 1088 4322 Concronptoremegit,
1148 4254 1225 4314 rima
1239 4263 1272 4313 e,
1288 4253 1334 4312 hic
1349 4253 1379 4312 in
1400 4253 1530 4313 mutem
1548 4253 1717 4314 animm
1739 4263 1784 4311 ω
1805 4265 1865 4324 opp

361 4305 544 4366 Caesareum
561 4303 722 4366 Oratorem
738 4305 1031 4387 Constantinopolim
1048 4317 1095 4368 est
1150 4353 1244 4404 mm·
1267 4343 1324 4402 vir
1339 4342 1451 4402 multae
1468 4343 1623 4415 orationis,
1645 4344 1678 4402 in
1693 4359 1725 4402 w
1750 4333 1866 4416 „poma

362 4397 537 4469 comitatus,
561 4395 832 4455 haeterodoxornm
860 4398 1019 4457 continuus
1051 4399 1094 4458 in·
1148 4453 1232 4507 mus,
1255 4434 1304 4513 qui
1326 4429 1372 4493 40
1395 4433 1480 4492 mis
1503 4452 1595 4510 super
1619 4430 1699 4492 nuda
1718 4429 1805 4488 humo
1823 4423 1865 4482 de,

363 4493 496 4546 mmm
525 4483 690 4544 hmini
731 4505 792 4589 ¹¹.⁰¹¹
823 4486 886 4546 ⁸i¹¹⁰
918 4488 999 4592 lim
1015 4489 1094 4593 pell
1150 4522 1263 4596 cubuit,
1287 4543 1306 4582 a
1320 4521 1423 4581 multis
1443 4522 1587 4601 periculis
1607 4521 1749 4580 divinitus
1769 4517 1866 4576 libers·

363 4576 430 4636 culo
447 4582 603 4647 versatus,
628 4573 796 4652 Zagrsbmo
817 4575 985 4656 Collegium
1006 4587 1094 4652 rexit,
1149 4621 1215 4686 m,
1239 4611 1427 4672 mommo
1458 4611 1593 4684 dmm,
1617 4621 1651 4671 ut
1680 4609 1772 4680 vixit.
1801 4601 1867 4664 obii,

364 4685 400 4726 ec
415 4664 526 4726 ibidem
542 4663 625 4724 senio
641 4664 794 4726 coniectus
809 4665 942 4746 piissime
951 4666 1024 4726 obiit
1043 4665 1093 4729 16.
1151 4702 1288 4763 vienn„
1303 4703 1335 4762 in
1349 4699 1449 4761 Domo
1460 4699 1627 4783 ΜΕΝ
1633 4699 1663 4762 1⁸
1672 4687 1868 4762 nmium.

362 4755 443 4816 Nor.
462 4749 558 4818 1645.
577 4762 637 4815 aet.
655 4751 709 4816 64.
1153 4799 1211 4852 ω·
1229 4789 1282 4853 68.

365 4843 494 4926 Scripsit
511 4852 542 4904 et
557 4841 650 4904 edidit
669 4844 765 4904 multa
785 4854 892 4905 contra
912 4843 1097 4927 haereticos,

410 4953 487 5016 quoe
503 4933 690 5016 praesertim
705 4933 735 4993 iu
751 4935 834 4994 senio
851 4935 987 4996 coniecit.
1220 4881 1341 4962 script.
1355 4881 1395 4942 ub
1414 4899 1467 4942 eor

1152 4971 1283 5050 Legatio
1331 4970 1675 5050 Constanthmpolitsna
1715 4957 1867 5026 vernonii

701 5089 776 5143 (σαι
789 5090 976 5141 amnas.
990 5091 1072 5144 ιιι..)
1199 5059 1345 5122 Caesarei
1360 5059 1500 5123 Orator-is
1522 5060 1561 5122 sd
1585 5059 1694 5122 Aulam
1715 5049 1867 5118 Ottcwl·
1964 5059 1965 5128 ι
