4036 5954
766 330 1011 396 *287-

121 493 241 554 roeinio
258 491 391 554 exhibito
407 491 702 575 prodidit,quantam
719 494 865 554 virtutem
920 515 991 554 suae
1009 517 1108 571 cursu,
1123 498 1285 577 postremis
1302 499 1431 562 maxime
1447 500 1533 561 annis
1551 509 1651 564 osten·

121 593 344 644 consecuturus
367 593 457 644 esset.
479 583 615 645 'Proditis
638 583 863 644 humanioribus
919 583 972 657 dit,
997 585 1105 666 quibus
1120 588 1224 666 plures
1240 589 1361 650 morbos
1392 599 1424 650 et
1454 590 1573 650 dolores
1597 609 1652 670 per

120 673 285 746 litteris,et
301 671 488 752 Theologiae
505 673 700 754 quadriennio
717 675 863 754 impenso,
918 693 971 734 eos
989 685 1155 750 causatos,
1193 698 1299 738 manus
1325 681 1503 758 praesertim
1532 680 1652 753 vulnus,

123 773 256 844 quatuor
272 771 347 824 vota
362 764 515 842 professus
537 773 568 824 et
584 765 739 844 utriusque
754 762 862 821 Facul·
918 765 1000 844 quod
1016 766 1105 824 alieni
1121 767 1201 826 oculi
1216 787 1275 826 uon
1291 768 1508 842 sustinuerunt,
1524 771 1588 829 sine
1608 769 1652 830 ul-

121 855 196 912 tatis
214 853 335 912 Doctor
351 863 483 926 creatus,
506 853 645 918 Ethicarn
670 863 700 912 et
723 852 860 912 Philoso·
916 853 945 912 lo
963 853 1073 914 doloris
1090 857 1177 933 siguo
1193 858 1333 934 pertulit,
1357 867 1388 918 et
1408 859 1589 919 vermiculos
1614 879 1653 918 ex

120 943 227 1024 phiam
250 938 692 1024 quinquennio,'Theologia1n
719 941 862 1001 moralem
917 962 953 1002 eo
986 943 1128 1004 deciduos
1159 947 1286 1006 sollicite
1300 948 1422 1021 levavit,
1453 949 1579 1028 locoque
1595 969 1651 1008 suo

122 1054 204 1093 anno
221 1054 282 1093 uno
298 1033 436 1094 Viennae
452 1032 565 1093 docuit.
582 1032 688 1092 Socius
710 1032 778 1092 dein
797 1031 861 1091 Ma·
917 1035 1061 1112 reposuit.
1078 1035 1134 1096 His
1151 1036 1269 1096 demum
1286 1035 1325 1096 ad
1340 1045 1476 1098 extrema
1496 1038 1651 1110 deductus,

121 1123 214 1200 gistri
235 1123 425 1184 Novitiorum
441 1123 560 1196 ibidem,
580 1124 719 1183 Minister
734 1119 864 1192 Graecii,
917 1123 1053 1183 inDomo
1069 1125 1344 1186 Annaeaeauctam
1353 1128 1447 1186 vitam
1464 1137 1652 1188 sanctamor-

121 1211 318 1290 Judenbnrgi
342 1213 457 1272 Rector
484 1222 514 1272 et
540 1213 710 1271 Instructor
737 1209 864 1270 Panum
919 1219 949 1272 te
966 1213 1113 1273 conclusit
1128 1212 1182 1275 21.
1199 1215 1280 1276 Nov.
1301 1213 1398 1277 1743.
1415 1225 1475 1280 aet.
1493 1213 1557 1290 83,
1572 1217 1653 1278 iuvi-

122 1303 238 1364 tertiae
253 1302 440 1381 probationis
463 1303 593 1362 triennio
615 1302 679 1362 fuit.
702 1301 863 1360 Missiones
920 1311 953 1362 ta
968 1310 1086 1382 etpost
1101 1313 1229 1364 mortem
1245 1306 1376 1366 omnium
1397 1325 1472 1366 voce
1487 1315 1519 1367 et
1540 1307 1655 1386 opinio·

122 1401 188 1452 tum
213 1413 316 1454 saeros
341 1391 371 1450 in
387 1391 491 1472 Styria
507 1401 538 1452 et
558 1389 688 1452 Austris
710 1389 865 1470 superiore
919 1412 957 1452 ne
989 1401 1111 1453 sauctus
1141 1393 1279 1472 habitus;
1311 1415 1367 1455 nec
1389 1415 1487 1474 pauca
1502 1398 1578 1456 mira
1608 1416 1654 1456 re·

123 1481 212 1542 annis
230 1483 352 1542 omnino
369 1480 413 1544 30
430 1482 577 1542 continuis
594 1479 865 1558 obivit,fractisque
920 1482 1056 1542 feruntur
1087 1483 1128 1543 ab
1158 1503 1195 1546 eo
1227 1493 1291 1544 tum
1320 1484 1351 1544 in
1383 1486 1449 1545 vita
1485 1494 1549 1545 tum
1585 1493 1655 1564 post

118 1575 186 1652 jam
202 1572 320 1632 viribus
337 1571 473 1632 Viennae
489 1570 666 1632 Praefectus
692 1569 814 1650 spiritus
835 1569 866 1626 in
920 1581 1047 1631 mortem
1062 1582 1194 1651 patrata.
1226 1573 1263 1634 In
1282 1574 1476 1634 Missionibus
1500 1577 1562 1634 suis
1593 1595 1655 1635 non

123 1661 274 1721 suburbio
300 1661 396 1722 adhuc
417 1663 573 1737 excurrit,
601 1660 668 1720 rudi
689 1658 865 1738 plebeculae
920 1661 1013 1720 semel
1044 1661 1150 1723 eodem
1188 1674 1323 1744 tempore
1352 1663 1479 1724 diversis
1517 1665 1548 1724 in
1578 1665 1654 1724 locis

122 1752 305 1812 Doctriuam
326 1751 516 1811 christianam
533 1751 739 1830 expositurus.
761 1747 862 1807 Incre-
919 1751 1002 1810 visus
1024 1759 1079 1812 est.
1104 1751 1195 1814 Certe
1215 1754 1340 1812 maximi
1360 1755 1417 1812 viri
1431 1773 1499 1814 eum
1519 1773 1655 1814 normam

122 1837 216 1901 dibile
240 1861 312 1900 vero
336 1849 397 1914 eat,
438 1861 513 1922 quos
531 1850 720 1921 quantosque
741 1837 863 1898 labores
918 1841 1077 1918 religiosae
1094 1863 1187 1922 aeque
1204 1863 1239 1902 ao
1255 1842 1441 1921 apostolieae
1461 1845 1543 1904 vitae
1566 1863 1655 1922 prae·

123 1941 189 1991 toto
208 1929 446 1991 illoMissionum
463 1951 585 1990 suarum
601 1941 737 2008 tempore
759 1935 864 1987 exant-
919 1929 1070 2004 dicarunt,
1094 1941 1125 1991 et
1134 1933 1170 1990 P.
1187 1931 1367 1992 Franciscns
1384 1933 1495 2004 Dolfin‚
1520 1934 1652 2012 quiajos

120 2020 201 2094 larit,
223 2041 313 2100 quam
329 2018 434 2081 duram
451 2021 541 2080 simul
557 2029 588 2080 at
603 2029 756 2079 austeram
771 2017 865 2076 vitam
921 2019 1026 2078 Socios
1043 2021 1073 2078 in
1094 2022 1285 2082 Missionibus
1301 2023 1372 2096 fuit,
1397 2043 1513 2082 summa
1534 2043 1654 2101 semper

122 2111 265 2183 duxerit,
290 2119 363 2190 quot
383 2109 586 2184 incommoda,
607 2105 864 2169 adversaetvitae
919 2110 1090 2169 reverentia
1105 2109 1142 2170 de
1159 2131 1194 2170 eo
1210 2112 1331 2172 locutus
1353 2120 1409 2172 est.
1431 2111 1532 2172 Senex
1548 2112 1654 2190 jussus

121 2202 216 2260 etiam
232 2200 369 2278 pericula
384 2201 550 2260 animarum
566 2197 778 2259 lucrandarum
794 2215 863 2255 cau·
919 2197 1133 2260 aProvinciae
1149 2201 1293 2262 Praeside
1309 2203 1404 2262 ritem
1420 2221 1504 2262 suam
1525 2203 1655 2261 conscri-

120 2311 157 2350 sa
173 2289 312 2353 subierit.
329 2287 503 2350 Dominicos
517 2289 687 2368 Festosque
704 2287 766 2346 dies
783 2294 863 2346 totos
918 2287 1001 2362 bere,
1023 2288 1201 2350 adlitteram
1215 2289 1567 2371 quidemobtemperavit,
1588 2292 1654 2350 fini-

121 2381 152 2440 in
173 2377 316 2439 Ecclesia
338 2399 417 2438 nunc
433 2379 650 2452 confessiones,
667 2377 758 2436 etiam
771 2394 863 2453 gene·
918 2387 980 2436 tam
997 2387 1098 2438 tamen
1122 2380 1153 2440 in
1183 2381 1282 2458 ignem
1302 2382 1438 2459 conjecit.
1462 2381 1605 2442 Novitios
1628 2381 1657 2442 ei

10 2487 11 2492 ’
121 2471 206 2530 rales
224 2469 500 2548 excipiendumne
516 2466 722 2528 concionando
740 2462 862 2526 autDo·
917 2468 1114 2528 inservientes
1144 2489 1296 2551 persaepe
1326 2479 1373 2532 est
1409 2471 1594 2545 exhortatus,
1618 2479 1652 2533 ut

121 2561 255 2620 utrinam
270 2559 460 2619 christianam
477 2559 667 2638 exponendo,
683 2575 762 2614 nunc
776 2574 862 2634 prae·
920 2557 958 2617 de
974 2558 1070 2618 solida
1087 2559 1144 2619 sibi
1159 2560 1303 2640 firmaque
1319 2562 1432 2622 virtute
1441 2561 1651 2640 providereut;

121 2649 242 2708 orando
260 2657 292 2706 et
307 2648 507 2727 praecinendo
524 2649 682 2725 transegit.
698 2643 865 2705 concione·
919 2649 1132 2708 venturaenim
1149 2670 1219 2710 mox
1235 2660 1387 2730 tempora,
1409 2650 1516 2730 quibus
1531 2669 1650 2730 eaopus

122 2749 175 2798 tus
200 2746 370 2798 astantem
394 2741 486 2798 etiam
508 2748 555 2799 ter
579 2747 743 2819 quaterque
760 2735 790 2792 in
807 2733 864 2808 die,
919 2736 1068 2811 habituri,
1109 2748 1250 2818 tempora
1271 2760 1401 2818 magnae
1427 2739 1649 2812 tribulationis,

121 2827 203 2888 adeo
225 2836 258 2888 nt
279 2847 357 2887 anno
379 2849 439 2889 uno
461 2829 570 2888 millies
591 2849 627 2888 ac
644 2827 734 2886 etiam
751 2824 864 2904 sesqui·
920 2825 1028 2908 quibus
1048 2826 1163 2907 absque
1186 2827 1283 2888 solida
1306 2830 1419 2889 virtute
1439 2829 1652 2901 succumbent,

120 2917 236 2978 millies
252 2914 291 2976 ad
308 2918 506 2978 confluentem
521 2918 667 2998 populum
684 2914 802 2976 dixerit.
816 2909 865 2972 Ad
919 2917 1026 2997 quibus
1041 2914 1226 2996 gaudebunt,
1250 2919 1277 2978 si
1293 2919 1358 2998 quis
1374 2917 1650 2978 momentaneu-

121 3007 180 3067 hos
196 3005 453 3068 laboresaccessit
469 3004 864 3088 asperrimavita.Somnum
919 3007 1102 3068 sadecidnas
1119 3007 1328 3086 suppeditant,
1343 3008 1505 3087 etsanguis
1515 3007 1647 3088 acapiti·

123 3097 250 3156 nonnisi
265 3097 346 3157 humi
362 3105 414 3157 aut
429 3098 599 3172 iustumne,
614 3115 740 3176 eumque
750 3092 863 3154 brevis·
918 3097 975 3156 bus
992 3115 1095 3156 eorum
1112 3095 1233 3156 defluet.

123 3185 235 3248 simum
243 3189 332 3266 cepit.
340 3184 474 3248 Coenam
489 3207 660 3268 numquam,
673 3205 728 3264 pro
735 3182 862 3264 prandio
984 3184 1088 3244 Edidit
1103 3184 1215 3246 latine:

124 3278 215 3356 panis
232 3277 346 3337 rancidi
362 3286 415 3336 aut
431 3279 511 3338 casei
526 3278 662 3352 frustum,
678 3276 773 3348 fabas,
791 3291 863 3334 raro
916 3274 1112 3356 Apostolicus
1132 3275 1298 3354 Religionis
1319 3273 1496 3336 Catholicae
1516 3295 1574 3355 per
1586 3274 1651 3336 Aa·

124 3365 281 3444 legumina
303 3376 356 3426 ant
371 3367 572 3446 pulmentum,
588 3386 643 3447 pro
661 3376 735 3446 potu
744 3363 864 3424 nonnisi
962 3365 1066 3426 striam
1080 3365 1285 3445 reliquamque
1324 3363 1517 3426 Germaniam
1535 3364 1652 3445 Propu-

125 3455 862 3536 irigidamsumsitltinereinhyementinaestate
962 3453 1335 3535 gnatorPetrusOauisius
1351 3455 1384 3520 S.
1401 3455 1424 3516 J
1426 3453 1505 3530 .,SS.
1522 3455 1653 3516 Theolo-

127 3545 223 3626 pedes
240 3555 271 3605 et
286 3547 410 3606 sarcinis
426 3547 486 3607 suis
493 3555 625 3618 onustus,
633 3546 863 3624 ingravescente
962 3546 1030 3624 giso
1045 3543 1172 3618 Ductor,
1197 3545 1390 3626 ejusdemque
1406 3546 1651 3606 inUuiv.Vieun.

127 3636 221 3695 etiarn
237 3637 303 3713 jam
330 3645 432 3696 aetate
458 3637 596 3715 perfecit,
620 3643 651 3694 et
682 3634 864 3694 necessitate
964 3633 1114 3716 quondam
1130 3635 1288 3694 Professor
1303 3644 1334 3694 et
1348 3635 1490 3696 Decanus
1509 3635 1652 3695 historico

127 3734 258 3804 urgente
282 3735 369 3785 tanta
389 3727 552 3800 celeritate,
580 3734 614 3784 nt
630 3724 760 3805 quinque
783 3741 862 3782 men·
966 3724 1135 3803 descriptus
1155 3725 1236 3803 stylo
1258 3727 1294 3784 R.
1315 3725 1352 3784 P.
1372 3725 1520 3783 Matthaei
1539 3723 1653 3784 Raderi

130 3815 208 3874 sium
224 3816 324 3894 spatio
341 3825 461 3876 centum
477 3815 675 3896 septuaginta
689 3812 781 3872 millia
796 3831 864 3890 pas·
967 3823 998 3872 et
1020 3832 1100 3872 anno
1125 3814 1273 3873 saeculari
1294 3812 1331 3872 ab
1359 3812 1444 3872 obitu
1468 3812 1603 3890 ejusdem
1623 3813 1652 3871 in

130 3923 221 3964 snum
237 3915 268 3964 et
284 3905 411 3984 amplius
424 3906 587 3966 coniecisse
602 3910 726 3964 notatus
737 3899 867 3961 sitNul·
966 3902 1155 3980 Applausum
1161 3902 1373 3962 Academicum
1388 3902 1542 3962 dedicatus
1553 3902 1653 3980 Ilphe·

129 3995 192 4053 lom
207 3993 426 4054 incommodum
444 4003 496 4054 aut
511 3995 676 4073 periculum
691 3993 777 4070 fugit,
801 4010 868 4049 cum
967 3992 1012 4051 bis
1031 3989 1066 4050 Ο.
1081 3992 1120 4049 R.
1151 3992 1321 4070 hiajestatis
1343 3989 1556 4071 Philosophiae
1576 3991 1653 4050 Bae·

130 4083 168 4143 de
185 4082 284 4143 salute
301 4085 349 4143 vel
373 4085 460 4144 nnius
487 4085 603 4143 animae
622 4091 774 4161 ageretur.
798 4079 867 4138 Irri-
968 4081 1117 4140 calaureis
1139 4097 1193 4158 per
1213 4081 1281 4158 Igu.
1293 4080 1417 4155 Querck
1433 4079 1502 4141 S.J.
1519 4080 1652 4140 Proteos.

130 4175 244 4246 aiones,
268 4174 442 4248 calumnias,
460 4173 635 4254 opprobria,
650 4172 789 4243 verbera,
803 4169 868 4228 vul·
969 4169 1190 4248 Philosophiae.
1212 4171 1349 4230 Viennae
1367 4167 1463 4232 1697.
1482 4167 1533 4231 12.

130 4283 205 4322 nera
229 4264 343 4323 invicta
375 4265 444 4324 tulit
473 4265 632 4342 patientia.
664 4263 701 4322 In
731 4259 864 4321 tenebris
922 4259 1137 4337 Philosophiae
1152 4261 1313 4320 universae
1340 4259 1556 4322 conclusiones
1574 4259 1655 4338 adje-

130 4354 230 4412 noctis
251 4373 308 4432 per
328 4354 447 4431 ignotas
468 4354 550 4426 mas,
581 4361 764 4432 praeruptos
783 4370 865 4410 mon·
966 4341 1021 4408 otis
1037 4349 1167 4422 Ethicis,
1183 4348 1318 4409 Politicis
1335 4350 1532 4410 etHistoricis
1547 4349 1655 4409 Prolu-

129 4451 177 4502 tes
199 4451 232 4502 et
252 4441 398 4522 abruptas
424 4442 520 4502 valles
559 4444 704 4521 reptavit,
729 4441 805 4501 alias
827 4435 865 4498 ab
966 4440 1101 4500 sionibus
1116 4449 1290 4499 exornatae.
1307 4440 1546 4520 ViennaeLeop.
1562 4439 1656 4517 Voigt

88 4557 91 4562 ·
133 4533 219 4612 equis
253 4541 409 4611 raptatus,
439 4533 514 4592 alias
547 4553 566 4590 a
586 4532 712 4591 Lutheri
743 4528 866 4590 asseclis
969 4525 1066 4591 1698.
1083 4525 1113 4589 8.

125 4623 194 4699 jam
210 4622 241 4681 in
262 4623 459 4702 profluentem
479 4641 626 4704 praeceps
647 4619 782 4700 agendus
801 4618 867 4678 fuit.
921 4609 1001 4679 acts
1016 4619 1047 4678 S.
1065 4619 1176 4700 ignatii
1191 4617 1322 4698 Lojolae
1337 4617 1482 4697 symbolis
1502 4637 1537 4677 ac
1561 4617 1655 4676 versi-

131 4711 235 4772 'l'aceo
251 4711 382 4773 virtutes
399 4711 538 4792 reliquas,
562 4732 686 4792 quarum
701 4709 803 4791 plures
818 4707 868 4768 he·
970 4709 1026 4770 bus
1063 4707 1170 4794 (iisque
1212 4701 1456 4788 elegantissimis)
1496 4715 1654 4766 exornata.

130 4801 215 4860 roico
232 4801 263 4860 in
278 4800 375 4880 gradu
391 4799 542 4881 possedit,
567 4801 721 4862 ardentem
743 4798 870 4878 cumpri-
969 4800 1106 4860 Viennae
1123 4800 1216 4878 Voigt
1234 4795 1331 4859 1698.
1349 4794 1379 4858 8.
1396 4816 1421 4855 e.
1438 4795 1488 4873 fig.

130 4891 187 4950 mis
208 4891 269 4950 Dei
299 4911 444 4966 amorem,
475 4901 506 4952 et
525 4891 659 4952 intimam
680 4911 747 4950 cum
762 4908 799 4949 eo
816 4907 871 4967 per
925 4888 1032 4950 Annus
1054 4897 1188 4962 sanctus,
1212 4907 1267 4947 sen
1290 4885 1500 4946 Calendarinm
1518 4884 1657 4944 Petrinu-

131 4980 307 5040 continuum
324 4981 468 5042 orationis
485 4980 870 5060 studiumconjnnctionem.
969 5000 1036 5039 rum
1057 4975 1265 5050 Sacerdotula,
1289 4976 1445 5034 continens
1465 4975 1496 5034 iu
1521 4975 1657 5052 singulos

132 5067 318 5130 Patientiam
335 5091 420 5144 vero,
444 5080 478 5132 ut
493 5081 561 5132 toto
582 5072 662 5132 vitae
687 5067 872 5156 apostolicae
971 5069 1034 5130 dies
1050 5068 1210 5128 distributa
1225 5065 1357 5126 Nomina
1373 5065 1566 5140 Sanctorum,
1581 5065 1657 5124 Bea-
