4036 5954
994 297 1237 365 ..996-

396 459 502 538 Imago
518 457 560 518 lt.
576 458 743 521 Therasiae
758 459 838 540 Aug.
843 462 1084 541 juxtagallicnm
1137 465 1269 524 muniet
1293 459 1462 539 ubicunqne
1484 459 1567 520 Socii
1587 463 1769 539 conJ'nuctim
1796 481 1874 520 com·

396 569 464 608 cum
480 545 500 610 2
516 549 751 628 Epigrammatis
767 551 797 610 in
813 549 982 630 Josephum
998 553 1041 613 Π.
1137 571 1275 634 paruere,
1291 549 1396 610 sedulo
1411 551 1554 622 interfuit,
1578 551 1711 632 obiitque
1732 552 1873 612 Viennae

350 637 576 698 Monumentum
589 638 695 699 honori
710 641 752 698 M.
770 640 936 701 Therasiae
952 641 1084 702 dicatum

1138 643 1177 703 ad
1194 642 1225 702 S.
1241 641 1349 700 Annae
1365 636 1419 700 28.
1435 641 1517 718 Aug.
1535 638 1767 702 llll.Praster
1782 641 1874 718 plura

399 749 417 787 a
432 729 470 786 R.
486 728 522 787 P.
539 729 629 788 Mich.
646 729 786 788 Horvath
803 731 910 790 Theol.
926 730 966 790 D.
984 752 1001 792 s
1016 732 1083 792 lati·
1137 731 1325 792 Advsrsaria
1339 730 1459 809 reliquit
1477 728 1874 810 duoOpera,quaesu1nmo

397 837 437 878 no
453 819 623 894 germanice
638 819 796 879 redditum.
816 817 913 880 1780.

353 906 524 985 Descriptio
541 918 647 986 portae
664 909 853 987 triumphalis
869 910 1031 987 Leopoldo'
1042 911 1084 969 H.

397 997 595 1056 Francofurto
612 998 713 1057 reduci
729 1007 860 1058 erectae.
879 996 976 1060 1791.
994 997 1024 1059 8.

352 1085 387 1144 Iu
405 1085 520 1144 obitum
535 1087 684 1164 Principis
698 1086 721 1146 J
723 1087 1085 1148 os.WenceslaiaLiech·

398 1176 539 1234 tenstein.
560 1173 656 1237 1772.

354 1263 454 1338 Quum
475 1264 584 1324 Comes
610 1285 628 1323 a
643 1266 783 1326 Kobenzl
799 1287 910 1344 magna
920 1267 1017 1327 Crass
1027 1265 1084 1326 Or·

396 1352 472 1411 dinis
490 1352 522 1412 S.
548 1354 693 1432 Stephani
715 1355 917 1416 decoraretur.

351 1439 420 1502 Oda
440 1441 477 1500 ad
499 1441 634 1502 Heroum
649 1443 837 1504 Laudonium
859 1445 1006 1505 decimum
1022 1467 1083 1506 ms-

396 1532 569 1612 ximumque
579 1532 722 1612 Belgrsdi
729 1545 978 1612 expugnatorem.
988 1531 1086 1597 1789.

351 1621 557 1770 In813rlmitias
573 1709 703 1791 Josephi
720 1711 818 1790 Gicgl.
837 1712 976 1774 Crsmsii.

350 1797 387 1857 In
404 1799 518 1858 obitum
535 1798 670 1860 Gellerti.
692 1803 837 1861 Narratio
857 1799 954 1864 1770.

352 1889 389 1946 In
407 1889 522 1948 obitum
538 1890 701 1963 Rabsneri,
718 1901 814 1950 metro
831 1891 995 1969 pindarico.

352 1977 433 2037 Vota
463 1979 609 2038 solemnia
632 1979 656 2038 J
657 2001 700 2040 os.
717 1980 790 2039 Aut.
808 1981 912 2041 Nobili
928 1981 965 2042 de
982 1981 1087 2040 Tratt·

396 2087 482 2126 nera.
501 2063 605 2131 1775.

351 2155 410 2216 Ad.
427 2156 467 2214 D.
484 2159 657 2231 Retzerum,
671 2158 761 2219 Balbi
777 2161 911 2220 carmina
926 2159 1085 2220 editurum.

396 2245 447 2325 (In
464 2247 695 2322 „Blumenleses
714 2239 851 2310 Vienn‘as
869 2246 982 2330 1790.)

349 2334 483 2414 Idyllion
510 2338 541 2396 in
572 2337 702 2396 llortem
728 2337 910 2400 Servatoris.
947 2340 1085 2400 Viennae

350 2511 477 2590 Elegiae
498 2513 536 2572 ad
551 2515 720 2574 Marianam
738 2513 1012 2596 Congregationem
1028 2515 1085 2577 sub

395 2601 483 2660 titulo
495 2601 657 2664 Assumtas
674 2625 753 2664 auno
770 2605 816 2666 bis
833 2607 991 2668 saeculari.

351 2691 468 2772 Hymni
479 2692 539 2752 duo
556 2692 633 2753 adS.
644 2694 800 2754 Jacobum
817 2707 847 2754 st
864 2695 895 2756 S.
905 2697 1082 2756 Barbaram.

350 2781 467 2861 Hymni
489 2781 549 2842 duo
574 2783 612 2843 ad
633 2785 669 2843 Β.
688 2785 843 2864 Virginem
859 2787 985 2846 Mariam
1002 2796 1034 2845 et
1050 2784 1082 2843 S.

396 2870 590 2932 Franciscum
606 2874 688 2934 Xav.

353 2959 486 3021 Cautata
501 2963 665 3040 spiritualis
683 2963 719 3023 de
732 2963 762 3023 S.
780 2965 911 3042 lgnatio.
929 2963 1059 3023 Graccii.

350 3039 486 3110 Affectus
508 3053 615 3131 spiritu
631 3053 713 3132 pleni
730 3053 769 3112 ad
783 3052 883 3113 Deum
898 3061 929 3112 et
946 3053 1084 3125 Sanctos,

398 3139 437 3200 ab
459 3140 599 3200 Ecclesia
622 3151 673 3201 aut
695 3142 816 3204 Sanctis
833 3143 969 3216 confecti,
987 3163 1003 3203 s
1019 3143 1085 3200 lati·

398 3249 447 3288 no.
464 3229 610 3294 Viennae.
630 3226 728 3293 1764.

354 3316 461 3378 Cultus
478 3318 510 3378 S.
526 3319 681 3379 Francisci
695 3321 778 3382 Xav.
795 3341 833 3380 ex
848 3321 1007 3380 italico.P.
1022 3320 1088 3378 Ma·

397 3408 491 3468 riana.
508 3407 549 3472 ib.
569 3406 667 3470 1761.

354 3496 487 3556 Derotio
504 3498 607 3557 decem
623 3498 738 3558 dierum
753 3498 882 3558 Veneris
899 3496 938 3555 ad
956 3495 1091 3556 SFran-

400 3587 509 3646 dacum
526 3587 610 3646 Xav.
633 3607 672 3646 ex
686 3587 799 3645 italico.
816 3586 856 3645 ib.
875 3582 973 3646 1763.

356 3674 457 3734 Primo
466 3696 554 3736 mane
567 3676 680 3754 majali.
690 3675 820 3736 Carmen
823 3677 914 3752 juxta
931 3674 1091 3753 anglicum.

402 3764 539 3824 Viennae
558 3760 656 3826 1781.

358 3851 488 3912 Carmen
508 3854 636 3932 lugubre
660 3855 690 3914 in
715 3853 831 3914 obitum
854 3854 936 3912 canis
963 3847 1090 3936 (Pndel)

343 3979 345 3984 -
403 3961 469 3998 cum
484 3943 614 4021 epistola
629 3944 763 4023 satyrica
778 3953 810 4002 et
819 3943 1035 4022 philosophica.
1043 3943 1090 4002 Ib.

358 4117 475 4190 Brevis,
501 4120 583 4178 clara
599 4128 630 4178 et
646 4119 745 4180 solida
759 4121 915 4180 Institutio
932 4119 970 4179 ad
987 4119 1089 4178 Arith-

404 4206 540 4266 msticam
556 4217 587 4266 ct
602 4208 778 4286 Algebram.
791 4209 929 4270 Viennae
946 4206 1042 4269 1770.
1060 4214 1092 4268 et

405 4313 509 4353 rursus
528 4293 625 4358 1789.
644 4295 674 4358 8.

860 4417 941 4470 (ama
955 4417 1037 4470 ως..)

402 4579 621 4642 salomas
653 4579 934 4654 Cnnrsnorsronus,
969 4581 1092 4640 Germa·

355 4691 427 4742 nus,
456 4669 644 4747 Clagenfurti
674 4671 706 4728 in
737 4670 893 4730 Cariathia
927 4667 979 4729 13.
1010 4669 1091 4728 Nos.

359 4757 562 4832 163'hnatus,
579 4767 610 4818 et
625 4768 684 4818 ast.
703 4756 1092 4836 18.inSocietatemrecep·

357 4863 416 4920 tus,
440 4848 630 4908 humaniores
647 4859 680 4908 et
695 4849 925 4926 Philosophiam
941 4847 971 4905 in
987 4865 1025 4904 ea
1039 4845 1091 4904 do-

356 4937 428 5009 cuit,
444 4945 475 4996 et
489 4938 582 4996 variis
599 4939 708 4997 muniis
723 4939 854 5010 functus,
871 4935 958 4996 subin
975 4935 1091 4992 aurium

355 5043 412 5086 usu
428 5026 565 5104 privatus
576 5027 752 5106 disciplinae
767 5036 867 5098 tenax,
876 5022 1090 5086 orationicom·

1139 825 1167 882 ei
1182 821 1286 880 labore
1311 820 1481 894 constitere;

1207 911 1238 970 in
1254 929 1380 990 quorum
1396 909 1510 986 primo:

1140 1001 1236 1060 Tituli
1258 1017 1361 1058 omnes
1383 999 1539 1076 utriusque
1559 997 1750 1074 legislatisae
1776 997 1872 1070 scien·

1185 1091 1246 1148 tiae
1269 1107 1336 1147 cum
1356 1086 1446 1146 modo
1469 1085 1588 1166 legendi
1613 1097 1644 1146 et
1660 1085 1812 1144 scribendi
1827 1105 1877 1144 se-

1186 1177 1312 1237 cuudum
1329 1196 1431 1235 omnes
1446 1176 1541 1234 libros
1558 1185 1589 1233 et
1610 1176 1763 1248 materias,

1140 1269 1177 1328 In
1202 1266 1299 1326 altero
1321 1275 1392 1343 post
1414 1275 1503 1324 notas
1527 1264 1671 1324 librorum
1700 1265 1877 1322 universnm

1184 1353 1394 1435 CorpusJuris
1411 1354 1537 1432 digessit
1552 1353 1756 1432 alphabeticas
1772 1352 1803 1410 in
1813 1353 1876 1410 Re·

1184 1445 1374 1515 solutiones,
1404 1443 1553 1521 adjectis,
1583 1443 1636 1500 nbi
1662 1442 1786 1522 reperiri
1815 1459 1878 1498 non

1185 1542 1321 1616 possent,
1335 1530 1463 1592 fideliter
1479 1531 1683 1593 citationibus.

1356 1652 1429 1704 (Gesta
1442 1657 1462 1690 at
1476 1653 1554 1701 Scripta
1567 1653 1629 1690 Pras.
1642 1651 1698 1690 tus.
1712 1649 1843 1700 wittune.)

1186 1817 1436 1882 REIOEEEAU
1466 1813 1656 1887 Josnsnus,
1698 1812 1882 1884 Germanus,

1142 1899 1880 1984 VordernbergaeinStyria'l.Maji1685.natus,

1143 2010 1174 2062 st
1189 2009 1249 2059 aet.
1273 1994 1323 2057 17.
1347 1995 1529 2054 Societatem
1553 1994 1726 2071 amplexus,
1757 1989 1780 2050 4
1805 2001 1883 2048 vota

1142 2091 1307 2170 professus,
1334 2083 1548 2161 Philosophiae
1565 2093 1596 2142 et
1611 2081 1800 2157 Theolog‘ae
1815 2079 1882 2136 Do-

1141 2189 1206 2240 ctor
1221 2177 1302 2235 illam
1316 2171 1436 2232 Graecii
1452 2181 1483 2230 et
1500 2172 1646 2244 Viennae,
1662 2171 1740 2230 hanc
1757 2169 1795 2228 ds
1811 2189 1876 2225 mo·

1140 2269 1222 2328 ribus
1239 2263 1355 2324 Labaci
1372 2272 1403 2320 et
1419 2263 1554 2322 Viennae
1577 2260 1689 2320 docuit.
1707 2259 1788 2318 Dein
1804 2255 1875 2314 Col-

1139 2358 1249 2436 legium
1266 2352 1514 2430 Clagenfurtenss
1538 2351 1625 2422 rexit,
1641 2359 1672 2408 et
1688 2348 1756 2407 hinc
1772 2348 1802 2405 iu
1819 2346 1876 2404 Sa-

1140 2447 1403 2512 xoniamvocatus,
1425 2439 1592 2518 Gynaeceo
1609 2438 1719 2497 Aulico
1736 2436 1877 2515 primum,

1140 2547 1204 2596 tum
1226 2533 1340 2609 Regiae
1362 2529 1495 2607 Principi
1520 2529 1684 2600 Amulius,
1717 2547 1753 2584 ac
1785 2524 1879 2603 paulo

1139 2634 1210 2705 post
1226 2624 1318 2682 etiam
1341 2619 1408 2678 aliis
1424 2617 1541 2677 duabus
1549 2618 1656 2676 Annae
1673 2627 1704 2676 et
1721 2614 1881 2692 Jossphas

1139 2713 1159 2776 8
1176 2715 1261 2774 annis
1279 2709 1427 2769 communi
1443 2727 1509 2765 cum
1525 2707 1747 2786 approbatione
1758 2703 1880 2762 asacris

1140 2799 1386 2864 confessionibus
1409 2797 1479 2868 fuit,
1500 2816 1536 2854 ac
1556 2805 1740 2874 postremam
1769 2793 1801 2850 in
1822 2791 1881 2848 Ba·
1985 2843 1987 2846 .

1138 2895 1254 2954 variam
1284 2888 1389 2949 codem
1419 2887 1449 2944 in
1480 2905 1602 2944 munere
1635 2884 1795 2942 comitatus
1823 2889 1880 2938 est.

1138 2986 1214 3044 Post
1231 2999 1341 3040 anunm
1357 2977 1452 3034 hacta
1467 2971 1881 3032 valetudiusinProvinciam

1140 3073 1245 3142 redux,
1268 3066 1463 3148 quadriennio
1479 3073 1548 3142 post
1565 3063 1702 3123 Viennae
1723 3062 1754 3118 in
1776 3060 1879 3116 Domo

1142 3162 1280 3242 professa
1296 3158 1344 3236 pia
1361 3154 1434 3212 obiit
1456 3151 1486 3212 7.
1504 3153 1594 3211 Febr.
1618 3147 1718 3212 1752.
1741 3159 1801 3208 aet.
1823 3145 1879 3208 67.

1143 3249 1282 3311 Libraria
1298 3248 1364 3324 ejus
1382 3243 1517 3322 supellex
1535 3241 1672 3320 Collegio
1689 3239 1881 3298 Therasiano

1146 3341 1279 3400 obvenit.

1214 3426 1317 3486 Edidit
1339 3423 1447 3483 latius:

1146 3519 1238 3578 Vitae
1263 3517 1421 3592 Augustae
1448 3509 1612 3570 Caesarum
1641 3507 1883 3567 Austriacorum.

1193 3605 1313 3664 Graecii
1337 3599 1567 3660 Widmanstadii
1593 3594 1691 3658 1724.
1716 3593 1769 3656 12.
1786 3615 1811 3654 c.
1828 3595 1880 3672 fig.

1146 3696 1283 3756 Virtutes
1298 3691 1458 3766 Augustae
1475 3687 1640 3746 Caesarum
1656 3688 1687 3744 in
1704 3683 1883 3762 compendio

1192 3783 1317 3860 adjectis
1339 3799 1441 3838 eorum
1462 3775 1608 3855 symbolis
1630 3783 1661 3832 et
1684 3773 1880 3832 iustitutioni-

1190 3873 1248 3932 bus
1270 3869 1412 3950 politicis.
1432 3867 1541 3926 Partes
1567 3865 1609 3923 II.
1637 3862 1758 3922 Graecii
1785 3857 1884 3922 1725.

1191 3961 1302 4021 Widm.
1322 3955 1374 4018 12.

1219 4081 1291 4132 (out.
1306 4083 1324 4118 et
1340 4077 1417 4124 Scripta
1431 4075 1493 4113 Pras.
1508 4075 1573 4112 suu.
1587 4071 1646 4111 Dacis
1660 4073 1699 4110 stt.
1714 4071 1749 4109 m.
1763 4083 1784 4121 p.
1799 4069 1861 4122 Μ)

1182 4221 1535 4288 humanitatum
1559 4219 1731 4288 lauturus,
1761 4215 1887 4276 Germa-

1145 4313 1375 4391 nns‚Campililii
1392 4308 1654 4369 celebriAustrias
1670 4307 1742 4364 fano
1762 4303 1887 4365 laon.

1148 4401 1245 4464 1664.
1266 4412 1364 4474 natus,
1376 4409 1407 4459 ct
1422 4409 1481 4458 aet.
1502 4394 1552 4458 17.
1570 4395 1755 4454 Societatem
1770 4395 1888 4473 ingres-

1148 4513 1212 4564 sus,
1229 4490 1251 4551 4
1272 4500 1346 4548 vota
1366 4491 1534 4568 professus,
1559 4495 1590 4545 et
1605 4485 1763 4562 utriusque
1780 4486 1889 4544 Facul-

1147 4583 1219 4640 tatis
1244 4579 1377 4650 Doctor,
1393 4575 1618 4653 Philosophiam
1634 4583 1665 4632 st
1681 4573 1888 4652 Theologiam

1146 4671 1322 4747 polemicam
1339 4669 1475 4726 Viennae
1491 4664 1608 4738 docuit;
1634 4663 1687 4721 sed
1705 4661 1745 4720 ab
1769 4665 1890 4741 insigna

1147 4757 1266 4817 dicendi
1290 4758 1437 4816 talentum
1459 4773 1529 4811 mox
1546 4753 1577 4811 S.
1594 4750 1771 4811 Cathedras
1785 4753 1898 4812 admo-.

1145 4855 1204 4918 tas,
1229 4847 1350 4906 Graccii
1367 4845 1503 4923 primum,
1520 4851 1583 4901 tum
1599 4842 1738 4900 Viennae
1755 4843 1787 4900 in
1794 4842 1885 4901 Tem·

1143 4936 1194 5013 plo
1211 4934 1339 5012 Collegii
1354 4955 1389 4993 ac
1403 4933 1686 5009 Domusprofessae
1709 4949 1747 4988 ac
1768 4931 1886 4990 demum
1951 4977 1954 4980 .

1144 5025 1174 5084 iu
1198 5023 1340 5084 Ecclesia
1361 5021 1596 5100 metropolitana
1618 5019 1651 5080 S.
1673 5017 1821 5097 Stephani
1849 5017 1888 5080 sd
