3990 5950
720 376 761 386 -
813 337 874 402 129
920 373 962 384 -

117 506 251 568 Praefecto
269 503 357 567 Caes.
375 502 481 564 inillis
504 502 616 563 fodinis
633 515 664 562 ct
685 503 815 582 plurium
939 501 1039 577 Quam
1056 501 1270 576 eruditus,tam
1287 487 1401 562 solidus
1414 501 1599 582 Religiosns,
1663 477 1667 488 ¹

117 597 294 656 machinarum
314 593 559 674 hydraulicerum
582 594 741 678 inventore
761 615 813 653 ua·
869 591 982 652 crebris
1000 593 1200 652 maximorum
1216 594 1351 652 virorum
1373 593 1597 654 visitationibus

116 699 167 758 tua,
188 695 215 746 et
237 683 373 744 ileosolii
399 683 517 744 Rhetor
543 697 602 744 eet.
630 681 679 748 18.
703 685 733 743 in
758 682 812 742 So·
868 691 899 743 et
915 703 981 742 cnm
997 681 1208 742 eruditissimis
1226 685 1299 742 airis
1317 685 1494 744 commercio
1515 685 1594 744 litte·

115 779 233 836 cietatem
270 773 444 834 'lienchinii
488 783 646 853 receptus,
675 773 811 834 Philcso·
867 793 969 832 rarnm
985 773 1108 833 minime
1123 785 1170 833 est
1183 773 1316 847 inflatus,
1340 773 1394 834 fuit
1416 775 1595 836 tenerrimae

113 867 196 946 phlsm
215 866 357 938 triennio,
384 862 546 924 Mathesim
574 865 631 924 sub
657 864 811 925 Frttlichio
867 864 999 944 pletatis,
1015 871 1046 922 et
1056 863 1091 923 B.
1108 864 1146 923 V.
1163 865 1289 924 Mariam
1302 863 1462 925 sabbatino
1473 867 1592 943 jejunio

113 957 226 1027 biennio,
249 965 279 1015 st
295 955 418 1016 traditis
442 953 564 1016 biennio
588 955 812 1014 Leutscboviae
866 974 1052 1034 peromnem
1075 955 1169 1014 vitam
1188 954 1294 1014 *coluit
1323 955 1475 1036 Aspectus
1505 955 1591 1016 Oceli

111 1045 312 1106 humanioribus
328 1045 451 1118 litteris,
474 1045 676 1123 Theologiam
693 1045 810 1125 quadri·
864 1043 981 1123 largam
1005 1043 1032 1103 ei
1053 1064 1171 1125 semper
1190 1053 1319 1105 merrtem
1345 1045 1383 1105 ad
1410 1046 1509 1106 Deum
1531 1046 1590 1106 ele·

110 1137 182 1196 ennio
196 1135 329 1196 Viennae
345 1135 448 1195 itidem
470 1135 616 1213 singulari
636 1155 703 1194 cum
721 1135 812 1195 laude
866 1134 957 1194 vaudi
975 1135 1131 1194 materiam
1151 1134 1242 1196 dedit.
1265 1133 1373 1196 Ordini
1394 1146 1447 1195 suo
1471 1154 1591 1218 semper

109 1227 219 1306 excepit.
249 1224 375 1306 Semper
396 1245 469 1284 vero
493 1224 625 1286 Mathesi
648 1227 811 1305 praecipue
866 1225 1026 1285 tenerrime
1057 1225 1190 1286 adfectus
1210 1228 1350 1300 mansit,
1377 1247 1434 1286 nec
1460 1247 1497 1286 eo
1520 1227 1590 1286 licet

110 1337 134 1375 se
146 1315 228 1388 dedit,
250 1325 282 1376 et
293 1317 360 1394 jam
376 1335 443 1375 eam
459 1315 596 1376 Viennae
603 1323 742 1395 repetens
760 1314 810 1374 sd-

105 1409 207 1484 juuctus
247 1405 349 1466 Patris
387 1406 488 1465 Franz
531 1406 709 1466 Astronomi
742 1407 810 1465 fuit.

109 1494 193 1570 Quare
216 1497 307 1557 tertio
328 1495 477 1577 probatus
493 1496 641 1569 Neosclii,
666 1495 810 1557 Claudio·

108 1587 181 1664 polim
195 1587 303 1646 missus
320 1599 350 1650 et
366 1587 581 1668 Philosophiae
597 1587 712 1646 Doctor
728 1606 810 1646 cres-

107 1687 144 1734 tus
167 1677 326 1738 blathesirn
352 1678 484 1738 triennio
521 1677 661 1750 tradidit,
690 1677 811 1737 interim

107 1764 198 1827 lvots
210 1769 381 1848 professus,
405 1769 495 1828 simul
519 1775 620 1827 temen
639 1769 811 1827 successive

106 1855 278 1918 Praefectum
312 1857 562 1938 Philosophorum
591 1859 621 1916 in
648 1855 810 1932 Conuicto,

105 1945 291 2008 Gatecbistam
314 1957 345 2008 et
368 1948 621 2009 concionatorem
640 1948 810 2008 festivalem

106 2035 306 2113 Germanicum,
331 2039 497 2118 adjutorem
514 2037 673 2099 Curatoris
689 2038 809 2098 Praesi-

104 2125 135 2185 dii
160 2129 313 2202 militaris,
338 2127 519 2209 Operariurn
543 2131 747 2208 germanicum
778 2139 809 2188 et

104 2217 280 2294 slavonicum,
297 2229 330 2278 et
343 2219 534 2280 Praefectum
553 2219 652 2279 Musei
679 2227 710 2279 et
734 2219 809 2298 Spe·

103 2307 171 2366 calae
184 2309 428 2384 Mathematicus,
451 2311 536 2388 cujus
550 2320 585 2370 ut
608 2309 757 2369 lindensis
777 2311 809 2369 'et

104 2397 155 2474 ipse
169 2409 254 2459 autor
272 2410 333 2473 est,
357 2401 428 2478 egit.
452 2399 527 2460 Oum
544 2409 644 2460 antem
664 2399 704 2459 hi,
728 2399 809 2459 'Phc-

103 2489 165 2547 resia
174 2489 315 2570 A'ugusta
331 2487 515 2552 armol‘fbli.
533 2490 694 2569 Speculam
702 2491 810 2549 Astro-

103 2579 228 2639 uomicam
241 2582 276 2640 in
284 2581 493 2642 Universitate
509 2579 738 2640 Vindobonensi
753 2581 809 2640 cri-

101 2677 185 2744 geret,
207 2671 330 2731 llellius
351 2670 390 2731 ob
406 2671 546 2732 eximiam
568 2671 713 2732 scientiae
736 2691 808 2730 snae

102 2759 190 2818 famam
219 2781 257 2822 eo
280 2773 424 2836 vocatus,
456 2781 523 2822 eam
540 2761 682 2836 instituit,
706 2781 829 2822 unam--

104 2867 147 2928 qne
179 2871 195 2910 e
224 2851 380 2932 primariis
412 2853 556 2931 Europae
588 2853 696 2912 effecit.
725 2853 810 2911 hlau-

103 2939 131 2996 sit
143 2939 342 3002 Astronomus
360 2941 540 3016 Caesareus,
558 2942 628 3002 dum
644 2943 730 3015 vixit,
741 2961 809 3023 spa·

103 3027 185 3110 tioque
201 3029 405 3092 essenorum
418 3033 543 3112 singulis
561 3034 646 3092 annis
662 3031 810 3112 Epheme·

101 3118 163 3178 rides
178 3143 230 3182 seu
256 3123 489 3184 observationes
501 3123 719 3182 astronomicas
733 3141 811 3180 snm·

102 3228 139 3268 ua
152 3213 286 3273 sollertia
301 3211 398 3274 factas
415 3213 525 3286 edidit,
549 3215 652 3293 eisque
676 3212 811 3274 eruditas

103 3297 131 3358 de
147 3301 247 3362 eadem
270 3304 398 3364 scientia
416 3303 657 3364 Dissertationes
679 3302 812 3378 addidit;

104 3389 178 3452 tribue
199 3395 289 3454 aunis
313 3393 433 3468 demtis,
459 3413 517 3474 quo
540 3404 676 3474 tempore
700 3395 729 3452 in
749 3413 812 3452 mu·

103 3498 158 3541 asra
178 3483 234 3544 hoc
265 3504 334 3544 eam
368 3483 554 3562 Pilgramius
575 3485 739 3564 supplerit.
764 3481 812 3544 Ob

106 3569 271 3650 singularem
293 3575 372 3634 enim
388 3595 448 3657 qua
458 3575 523 3652 jam
541 3585 603 3634 tum
619 3575 736 3647 floruit,
759 3593 812 3636 no·

106 3661 171 3723 ubis
191 3667 239 3725 sui
266 3665 472 3726 celebritatem
500 3687 520 3724 a
543 3663 718 3726 Christiano
739 3663 811 3724 VII.

109 3768 158 3828 ege
177 3755 301 3816 Daniae
326 3766 469 3816 evocatus
498 3775 576 3814 auno
600 3752 697 3816 1767.
727 3765 760 3814 ut
780 3757 812 3814 iu

113 3837 182 3903 mus
201 3845 381 3906 Wardiihus
398 3847 430 3904 in'
450 3845 645 3905 Finrnarchia
670 3843 708 3904 ad
728 3864 810 3904 mare

112 3927 209 4003 glaciale
226 3937 260 3996 iu
277 3937 418 3997 extremis
434 3935 593 4016 Leponiae
619 3933 679 3995 oris
700 3935 809 3994 transi·

109 4027 152 4080 mm
165 4025 291 4088 Veneris
307 4048 362 4106 per
378 4025 492 4086 discum
516 4023 597 4086 Solis
619 4026 808 4098 observaret,

104 4115 267 4178 mandente
286 4115 427 4196 Augusta
443 4127 474 4178 et
495 4113 616 4178 Ordinis
639 4115 808 4195 Superiori·

104 4195 144 4260 bus
158 4224 191 4264 eo
207 4226 241 4267 sc
262 4228 329 4266 cnm
353 4205 389 4268 P.
412 4203 532 4278 Joanne
555 4205 714 4283 Sajuovics
738 4227 808 4265 corr·

101 4291 167 4366 tulit,
190 4307 222 4356 et
237 4317 272 4356 re
286 4297 416 4357 feliciter
431 4297 566 4356 confecta
581 4315 647 4356 cum
669 4295 809 4356 Haffuiee

102 4375 115 4438 l
136 4387 285 4446 mensibus
296 4397 478 4461 moraretur,
495 4385 809 4466 inAcademiaRegia,

97 4474 170 4549 cujus
194 4487 227 4537 et
250 4476 357 4539 Scelus
374 4487 494 4538 creatus
511 4478 557 4558 (ut
574 4487 604 4537 et
620 4477 810 4550 Parisiensis,

96 4559 811 4652 Bononiensis,thtingensisetHelmiensisfuit)

95 4651 314 4718 observationes
332 4679 351 4718 a
367 4680 399 4719 se
415 4660 510 4718 factus
522 4657 657 4740 aliasque
673 4655 811 4718 disserta·

95 4743 183 4805 tiones
194 4751 411 4832 asuouomices
424 4749 571 4808 communi
587 4764 653 4808 cum
660 4747 813 4828 applausu

95 4837 248 4915 praelegit.
270 4837 398 4900 Sublato
422 4838 536 4900 Ordine
562 4837 757 4898 honorificam
783 4840 814 4898 in

95 4921 230 5002 Anguem
244 4929 454 4992 invitationem
469 4929 580 4990 oblatis
590 4925 684 4991 3000
696 4927 813 4988 denari·

94 5031 174 5074 omm
199 5016 420 5080 brittarricorum
440 5021 548 5081 annuis
571 5019 729 5092 reditibus,
751 5020 813 5079 Au·

94 5116 198 5178 gustas
216 5107 329 5172 Domus
345 5120 375 5175 et
391 5113 512 5192 patriae
534 5130 637 5174 amore
652 5110 813 5172 recusavit.

868 1315 990 1375 sublato
1007 1315 1046 1377 ab
1061 1316 1205 1394 Augusta
1221 1316 1405 1377 Beneficium
1427 1317 1520 1376 ullum
1537 1327 1590 1377 aut

867 1404 1042 1483 dignitatem
1082 1407 1205 1486 accepit.
1241 1405 1395 1487 Quidquid
1426 1428 1445 1467 a
1476 1408 1588 1468 salario

865 1497 1014 1575 superfuit
1039 1497 1223 1576 pauperibus
1246 1496 1343 1570 dedit,
1368 1498 1443 1558 adeo
1465 1507 1499 1558 ut
1520 1508 1589 1578 post

865 1595 993 1646 mortem
1008 1586 1075 1663 ejus
1092 1589 1158 1658 vix,
1183 1586 1262 1647 unde
1278 1596 1394 1648 sumtus
1412 1608 1467 1667 pro
1484 1588 1590 1648 ultima

863 1676 1037 1736 infirmitate
1058 1677 1265 1750 solverentur,
1293 1687 1480 1758 suppeteret.
1506 1677 1590 1738 Obiit

868 1764 919 1828 14.
937 1767 1012 1846 Apr.
1032 1765 1129 1828 1792.
1146 1777 1207 1828 aet.
1227 1765 1279 1829 72.
1300 1769 1467 1828 tumulatus
1489 1769 1590 1828 inllu-

865 1857 1005 1931 aeretorf,
1030 1857 1191 1938 dynastiae
1211 1859 1248 1918 L.
1265 1859 1303 1923 Β.
1321 1859 1389 1918 Jos.
1405 1857 1547 1919 Peukleri
1563 1860 1591 1918 ei

865 1947 1046 2020 amicissimi,
1063 1969 1129 2008 cum
1144 1949 1312 2029 Epitaphio
1335 1969 1353 2009 a
1373 1948 1501 2010 Denisio
1520 1969 1589 2008 con·

863 2039 951 2110 fecto,
976 2039 1057 2119 quod
1072 2041 1116 2098 ita
1131 2049 1233 2098 sonat:
1258 2039 1317 2100 Hic
1340 2041 1416 2100 situs
1438 2048 1485 2100 est
1505 2041 1589 2100 Max.

863 2127 947 2188 Hell.
970 2128 1073 2208 Hung.
1102 2129 1285 2191 Schemnita.
1311 2129 1379 2190 Soc.
1405 2129 1497 2203 Jesu,
1519 2129 1589 2190 dum

862 2218 916 2278 illa
939 2219 1031 2293 stetit,
1056 2219 1219 2293 Sacerdos,
1240 2220 1317 2280 Phil.
1337 2220 1537 2280 Doct.·ans.
1558 2229 1590 2280 et

863 2308 1277 2372 contentiosissima
1301 2331 1370 2370 auu.
1386 2311 1589 2372 Astronomno

864 2399 1006 2480 Europae
1041 2409 1130 2461 notus
1166 2401 1285 2479 Ingenii
1324 2402 1457 2481 artisque
1472 2418 1589 2460 monu-

864 2490 988 2564 mentis,
1023 2489 1125 2550 notior
1164 2491 1232 2552 Deo
1258 2493 1340 2552 vitae
1375 2493 1591 2563 sanctimonia,

864 2589 1008 2639 evocatus
1040 2581 1079 2641 ad
1108 2582 1246 2642 laborum
1277 2583 1444 2662 praemium
1482 2581 1591 2642 aetatis

864 2670 1592 2750 annoLxxnxvnl.Katreojitfflucxcn.

865 2758 1046 2834 Quiescatin
1062 2763 1192 2842 pace.L.
1207 2763 1243 2823 Β.
1253 2762 1386 2824 l'eulrler
1402 2763 1508 2824 Amico
1523 2783 1591 2842 pos.

932 2848 1037 2930 Opera
1059 2854 1123 2930 ejus
1139 2863 1222 2912 sunt:

864 2939 1081 3020 Plphemerides
1096 2941 1485 3002 Astronomicaeauuorum
1495 2940 1594 3004 llb'l.

911 3051 1006 3111 usque
1023 3031 1060 3092 ad
1080 3029 1175 3106 1792,
1200 3033 1238 3092 ad
1260 3032 1457 3092 Meridianum
1481 3033 1596 3093 Vindo-

889 3121 1093 3195 ·boueusem,
1122 3117 1254 3208 totidem}
1274 3122 1379 3183 Tomis
1406 3123 1437 3182 iri
1462 3121 1492 3185 8.
1516 3143 1595 3183 corn-

912 3211 1096 3290 prebensae;
1121 3213 1150 3272 in
1177 3212 1284 3294 quibus
1301 3221 1426 3293 praeter
1445 3211 1597 3273 Observa-

914 3304 1014 3362 tiones
1022 3303 1420 3383 annipreecedeutisfactas,
1430 3315 1597 3385 etssqnen·

915 3394 956 3452 tis
977 3392 1145 3468 faciendae,
1171 3394 1295 3455 additae
1309 3413 1429 3475 semper
1452 3395 1600 3476 quaedam

918 3483 1058 3561 ejusdem
1075 3487 1245 3564 argumenti
1270 3497 1302 3545 et
1324 3487 1426 3564 magni
1442 3489 1597 3560 momenti;

912 3575 1026 3652 latiue;
1052 3575 1235 3656 etquidem:

866 3667 916 3727 Ad
932 3665 1147 3744 premerides
1164 3687 1220 3746 pro
1241 3677 1324 3725 'anno
1352 3663 1452 3731 1757:
1479 3663 1597 3726 Oalcnli

911 3755 1056 3815 mensium
1078 3755 1172 3814 multo
1195 3755 1357 3836 ampliores
1378 3757 1596 3816 accuratiores·

912 3867 983 3928 que,
1013 3865 1102 3926 quarn
1135 3846 1165 3904 in
1196 3845 1447 3924 Ephemeridibus
1480 3845 1595 3904 Parisi-

910 3938 974 4010 nis;
1004 3935 1128 3996 tabulae
1155 3935 1194 3995 ad
1223 3955 1308 3995 usum
1338 3935 1503 4014 pleniorem
1532 3945 1595 3995 turn

909 4024 1158 4106 Ephemaridum,
1190 4036 1252 4085 tum
1288 4024 1379 4085 etiam
1416 4026 1594 4106 geographi-

909 4126 1017 4176 cumet
1032 4117 1193 4189 nauticum,
1212 4135 1285 4175 usus
1303 4115 1484 4190 earundem,
1507 4137 1594 4198 prae-

909 4216 1001 4286 cepta
1016 4215 1049 4266 et
1065 4206 1212 4286 exempla.

864 4297 926 4358 Pro
943 4317 1022 4356 anno
1041 4293 1145 4358 1758:
1169 4295 1366 4358 Problemata
1387 4317 1468 4358 uera
1489 4317 1527 4358 ex
1553 4297 1594 4358 E-

911 4387 999 4468 clipai
1015 4387 1113 4448 lunari
1122 4387 1161 4447 ab
1174 4386 1594 4450 antereobservataiuveuta.

865 4478 927 4540 Pro
947 4474 1050 4540 1759:
1075 4478 1158 4538 Situs
1183 4479 1402 4539 astronomicus
1424 4479 1594 4564 satellitum

911 4568 1002 4629 Jovis
1017 4589 1074 4650 pre
1092 4567 1219 4647 siugulis
1236 4568 1350 4642 diebus,
1366 4568 1595 4649 ccmaqnehora

912 4659 1083 4740 quibusque
1109 4660 1227 4740 paginis
1245 4661 1276 4719 in
1301 4660 1424 4718 calculis
1450 4659 1593 4718 mensium

917 4749 1087 4830 adsignata.
1115 4749 1207 4810 Nova
1225 4749 1386 4810 methodus
1413 4749 1594 4812 observandi

915 4839 1107 4922 congressus
1122 4841 1230 4900 Lunae
1243 4859 1311 4899 cum
1317 4838 1384 4898 fixis
1399 4849 1432 4900 et
1445 4839 1592 4918 planetis:

913 4933 981 5014 typi
1013 4932 1118 4991 horum
1146 4932 1361 5009 congressuum
1386 4929 1593 5004 construendi,

913 5031 998 5082 etex
1014 5023 1060 5081 his
1085 5020 1304 5080 determinandi
1320 5020 1387 5080 locs
1412 5023 1593 5101 apparentia

914 5112 1018 5173 irenae
1035 5123 1066 5172 et
1082 5112 1280 5194 planetarum.

1355 5199 1375 5262 9
