4118 5960
212 1113 456 1176 EBENBOEOK
490 1112 741 1184 Wonruauaua,
777 1109 900 1170 Germa·

171 1223 240 1272 nus,
263 1202 448 1262 Hochl‘eldae
471 1202 696 1261 1οΡ010110010
725 1197 778 1266 27.
807 1199 898 1260 Febr.

173 1290 388 1364 1706011100,
414 1301 444 1352 01
468 1300 525 1352 aet.
554 1289 605 1352 15.
628 1291 724 1350 Lineii
746 1291 776 1350 in
800 1290 898 1350 Socie-

171 1391 263 1442 tatem
300 1381 464 1454 adndssus,
494 1401 611 1442 omnem
634 1381 696 1440 iere
719 1380 812 1440 vitam
828 1399 893 1440 con·

171 1471 314 1532 cionando
331 1469 897 1548 0000101011,Ρο00011,11100000,810-

170 1581 238 1634 rae,
263 1561 383 1620 Graecii
407 1561 561 1640 transegit.
590 1561 703 1620 Rector
726 1560 797 1620 dein
819 1560 900 1619 Neu·

171 1653 237 1710 solii
260 1660 292 1710 et
316 1651 441 1730 Styrae,
474 1649 591 1710 Graecii
614 1649 820 1710 Bibliothecae
844 1648 899 1708 Oa

172 1741 336 1801 techetioae
358 1740 527 1819 praefectus
565 1741 614 1820 pie
652 1739 727 1799 obiit
765 1737 796 1800 9.
828 1737 901 1798 Jan.

174 1827 270 1891 1766.
293 1839 351 1888 aet
383 1827 435 1891 61.
460 1831 505 1888 111
529 1831 609 1888 00101
624 1849 736 1907 genere
757 1831 901 1889 virtutum

173 1927 305 1992 ornatus,
329 1919 378 2000 qui
402 1939 457 1979 nec
479 1918 582 1980 laudes
606 1918 750 1998 captabat
778 1939 835 1980 nec
853 1920 901 1997 ja·

171 2011 226 2068 ctis
248 2010 278 2068 in
302 2029 334 2068 ae
358 2009 488 2068 dicteriis
512 2010 551 2070 ab
574 2010 610 2068 iis
639 2009 765 2088 agendis
789 2010 902 2069 abster-

171 2099 302 2172 rebatur,
325 2098 431 2178 quibus
455 2100 593 2158 Numinis
615 2097 721 2159 Gloria
743 2099 903 2178 amplifica·

171 2198 261 2262 retur,
286 2191 371 2267 cujus
395 2189 446 2248 vel
469 2190 535 2267 ipse
551 2189 637 2250 testis
654 2190 904 2268 completissimua

170 2289 225 2352 est,
248 2279 280 2337 in
302 2298 443 2356 supremo
466 2279 574 2339 morbo
597 2289 735 2352 testatus,
758 2299 821 2340 non
843 2298 901 2339 me·

169 2369 289 2428 miuiaac
313 2388 354 2442 ae,
378 2377 477 2428 actum
501 2389 520 2428 a
543 2389 575 2429 00
592 2370 761 2452 quidquam,
785 2390 844 2449 quo
860 2369 902 2428 fa-

171 2478 238 2518 mae
261 2459 402 2530 serviret,
441 2459 629 2540 alienamque
656 2459 777 2520 laudem
800 2467 902 2538 capta·

170 2556 226 2607 ret.

239 2637 297 2695 Est
320 2637 386 2714 ejus
408 2639 596 2715 germanice:

171 2725 358 2786 Bibliotheca
386 2728 568 2788 catechstica
596 2727 723 2807 Collegii
754 2727 904 2788 Graecan-

215 2817 257 2876 sia
281 2815 313 2876 8.
337 2815 370 2876 J.
394 2817 461 2878 Ibd.
489 2815 585 2880 1760.
612 2815 641 2880 8.

746 2937 874 2991 (reisue.)

216 3083 352 3148 acm.
382 3083 546 3146 Jossraus
575 3086 747 3160 Hrnaarus,
782 3083 904 3146 Germa·

173 3193 249 3246 nus,
287 3173 504 3235 Enaersfeldae
539 3175 570 3234 in
597 3176 723 3235 Austria
753 3173 803 3236 13.
832 3175 904 3236 Jan.

955 1107 1022 1184 ipse
1037 1105 1151 1184 primus
1168 1103 1405 1166 Numismaticae
1425 1107 1549 1170 10101010
1574 1113 1690 1172 00101111-

954 1193 1041 1254 licam
1057 1189 1147 1267 dedit,
1171 1215 1365 1274 nummosque
1388 1206 1507 1257 veteres
1531 1201 1560 1260 in
1580 1203 1690 1262 Roma·

954 1306 1008 1344 nos
1025 1304 1060 1342 00
1069 1283 1204 1356 Urbium,
1221 1284 1408 1364 Papularum
1424 1287 1601 1370 Regumque
1625 1313 1691 1351 000-

954 1384 1087 1434 terorum
1110 1373 1224 1446 divisit,
1257 1372 1398 1454 aditoque
1425 1375 1573 1458 Oatalogo
1600 1384 1690 1442 totius

954 1465 1098 1543 Europae
1114 1465 1216 1523 oculos
1233 1463 1264 1522 in
1279 1485 1313 1524 se
1329 1468 1490 1540 convertit,
1515 1489 1550 1527 ac
1573 1469 1690 1530 demum

955 1575 1063 1633 magno
1096 1550 1197 1632 Opere
1228 1556 1420 1633 systematico
1449 1557 1530 1616 edito
1563 1559 1594 1618 id
1628 1562 1690 1620 Nu·
1791 1607 1794 1614 .

956 1643 1152 1716 miamaticae,
1192 1643 1271 1724 quod
1301 1644 1434 1704 Linneus
1466 1647 1629 1710 Botanicae
1661 1663 1691 1710 et

956 1733 1122 1810 Zoologiae
1137 1733 1302 1805 Buffonius,
1327 1737 1473 1795 communi
1495 1739 1608 1798 calculo
1631 1741 1691 1800 sac·

956 1834 1004 1884 tus
1041 1832 1095 1882 est.
1147 1823 1254 1902 Aeque
1286 1825 1486 1885 aestimandus
1517 1847 1535 1886 a
1570 1829 1689 1890 dotibus

958 1913 1059 1986 animi,
1081 1912 1128 1971 vir
1143 1913 1174 1970 in
1189 1913 1287 1991 rigore
1304 1915 1385 1974 vocis
1401 1915 1547 1978 honestus
1563 1920 1630 1993 1011,
1646 1921 1689 1979 lo·

959 2022 1053 2084 quens
1083 2011 1175 2080 prout
1191 2002 1353 2081 cogitabat,
1377 2013 1408 2063 et
1423 2025 1526 2083 agens,
1543 2019 1632 2086 prout
1647 2010 1690 2068 lo·

959 2092 1116 2174 quebatur,
1131 2091 1273 2170 prudens,
1289 2102 1420 2172 apertus,
1433 2096 1571 2174 justitiae
1587 2119 1690 2159 amans

958 2192 990 2243 et
1005 2183 1134 2262 partium
1150 2183 1269 2241 minime
1285 2183 1446 2258 studiosus,
1462 2187 1567 2248 viverra
1583 2189 1692 2250 litteris

959 2282 1050 2354 atque
1066 2271 1195 2332 scientiis
1212 2271 1327 2353 absque
1347 2274 1410 2334 nlla
1427 2275 1543 2353 gloriae
1563 2288 1617 2338 aut
1639 2301 1691 2360 pe-

958 2363 1065 2422 cuniae
1097 2359 1274 2440 cupiditate,
1304 2374 1497 2425 conversatos
1527 2367 1629 2428 hilaris
1663 2379 1693 2428 et

959 2472 1120 2525 amoenus,
1144 2451 1183 2510 ab
1207 2452 1342 2512 omnibus
1366 2462 1481 2514 amatus
1503 2461 1691 2520 0100011100-

958 2551 1017 2602 tus.
1042 2541 1149 2601 Morbo
1166 2551 1336 2621 correptus,
1364 2564 1452 2624 quem
1475 2547 1610 2608 ultimum
1630 2550 1693 2610 iore

959 2631 1077 2692 videtur
1092 2633 1309 2712 praesensisse,
1334 2653 1351 2692 0
1368 2654 1424 2694 aua
1439 2635 1470 2694 in
1486 2636 1605 2698 domurn
1621 2641 1691 2700 arni-

960 2723 1069 2782 cissimi
1084 2721 1140 2781 0161
1158 2721 1197 2780 06
1214 2723 1325 2783 veteris
1348 2723 1535 2787 litteraturae
1555 2730 1693 2807 peritiam

960 2811 1107 2874 Locatelli
1122 2813 1276 2871 transferri
1300 2813 1395 2891 petiit,
1426 2815 1528 2896 ibique
1549 2819 1595 2878 vir
1617 2839 1693 2880 00111-

960 2923 1015 2983 per
1047 2903 1181 2980 apprime
1212 2902 1370 2980 religiosus
1400 2905 1449 2984 pie
1478 2905 1608 2968 decessit
1640 2907 1691 2970 16.

960 2994 1034 3072 Maji
1053 2989 1149 3056 1798.
1167 3000 1225 3052 aet.
1243 2989 1296 3052 61.

1028 3081 1130 3141 Edidit
1144 3083 1332 3160 germanice:

959 3173 1090 3233 Plausus
1107 3170 1208 3232 Urbis.
1232 3173 1361 3232 Plausus
1377 3175 1477 3234 Ruris.
1490 3171 1598 3235 Odeis
1610 3178 1694 3257 Nup-

175 3259 272 3323 1737.
296 3271 404 3338 00100,
443 3273 474 3324 01
501 3273 560 3324 001.
586 3263 638 3328 15.
670 3267 700 3326 10
723 3265 906 3326 Societatem
1005 3263 1063 3322 tias
1084 3260 1214 3340 Josephi
1240 3261 1390 3323 H.Rom.
1412 3265 1697 3344 000100οω1000-

173 3361 325 3432 10000100,
341 3353 489 3414 absolutis
505 3375 573 3414 curn
586 3355 677 3415 laude
693 3355 798 3416 studiis
815 3355 904 3416 Vien-
1006 3353 1066 3432 pha
1082 3351 1218 3428 Bavara;
1235 3354 1354 3413 nornine
1372 3352 1501 3434 Oollegii
1510 3355 1541 3415 S.
1557 3357 1589 3418 J.
1608 3359 1697 3419 Vien-

171 3462 229 3501 nae
252 3442 282 3502 in
314 3441 449 3523 Collegio
487 3447 609 3505 Poesim
649 3455 681 3506 et
712 3445 906 3506 Rhetoricam
1006 3463 1063 3502 nae
1081 3438 1179 3503 1765.
1197 3438 1227 3503 8.

172 3531 281 3603 docuit,
307 3533 453 3615 simulque
474 3535 714 3615 Archaeologiae
735 3544 766 3595 et
785 3535 905 3595 1110010-
962 3531 1030 3593 Oda
1047 3531 1085 3590 ad
1100 3533 1268 3592 restitutam
1284 3533 1326 3591 M.
1353 3533 1518 3595 Therasiae
1538 3537 1698 3618 Augustae

170 3623 307 3696 maticae,
332 3625 416 3703 cujus
440 3626 536 3704 prima
551 3626 698 3704 principia
717 3647 735 3684 a
752 3623 797 3685 cl.
814 3625 907 3686 Khell
1007 3621 1218 3682 valetudinem.
1242 3623 1379 3683 Viennae
1399 3621 1494 3686 1767.
1520 3623 1550 3687 8.

169 3711 201 3770 10
230 3710 368 3790 Collegio
396 3714 583 3775 Therasiano
621 3716 754 3794 linguam
781 3715 912 3774 latinam·
962 3713 1093 3773 Carmen
1108 3711 1138 3770 in
1155 3712 1268 3772 abitum
1285 3713 1350 3773 Ser.
1374 3713 1443 3773 Aa.
1466 3715 1625 3778 0010110110
1647 3719 1697 3779 de·

171 3799 284 3861 docens
304 3801 413 3877 hausit,
435 3824 467 3863 se
484 3805 638 3884 applicuit,
659 3825 789 3885 moxque
806 3806 906 3883 singu·
1006 3821 1135 3881 sponsae
1152 3803 1229 3880 Regi
1249 3803 1378 3882 Neapol.
1396 3804 1532 3865 Viennae
1552 3805 1648 3868 1768.
1666 3807 1696 3870 8.

171 3889 248 3948 laria
274 3893 384 3970 ingenii
407 3895 453 3952 sui
475 3894 535 3953 hoc
556 3896 587 3954 10
609 3915 721 3972 genere
745 3896 907 3974 specimina
961 3891 1697 3977 8010010111001010000111Π.1100110ιο10

171 3979 264 4039 dedit.
299 3981 402 4055 Quare
431 3993 585 4062 postremo
615 3993 684 4044 ante
712 3984 907 4044 abolitionem
1006 3982 1134 4042 Italiam.
1159 3981 1295 4041 Viennae
1314 3977 1409 4044 1770.
1435 3979 1466 4044 8.
1490 4001 1495 4008 ’

171 4066 294 4129 Ordinis
323 4091 401 4130 anno
441 4074 657 4148 aProvincia
694 4075 821 4134 Romam
860 4083 906 4134 est
961 4071 1113 4149 Principia
1138 4072 1269 4131 breviter
1296 4081 1441 4151 concepta
1461 4075 1696 4138 Numismaticae

169 4160 294 4233 missus,
325 4169 358 4220 01
385 4181 417 4221 00
447 4162 503 4222 hac
533 4164 564 4223 in
591 4165 716 4226 scientia
737 4165 905 4244 perficeret.
1006 4162 1116 4221 veteris
1137 4163 1168 4220 in
1189 4181 1276 4220 usum
1301 4162 1538 4240 praelectionum
1566 4188 1687 4229 suarum

169 4247 282 4308 Redux
312 4249 470 4311 Cimelium
498 4253 602 4332 Magni
630 4255 723 4313 Ducis
756 4253 906 4334 Leopoldi
1006 4251 1142 4312 Viennae
1161 4247 1257 4312 1786.
1275 4261 1305 4310 01
1324 4249 1419 4313 1807.
1437 4273 1504 4314 0010
1520 4257 1570 4336 fig.
1598 4255 1629 4320 8.
1657 4294 1700 4306 -

168 4338 343 4400 Florentiae
371 4342 402 4400 in
432 4341 565 4403 ordinem
597 4345 722 4423 redegit.
768 4344 905 4404 Viennae
1005 4341 1096 4402 latine
1113 4341 1230 4401 reddita
1245 4361 1264 4400 a
1283 4343 1378 4402 Math.
1398 4345 1493 4405 Petro
1508 4346 1694 4410 Katanesich

169 4443 272 4488 autem
287 4430 446 4492 Thesauro
470 4431 621 4494 Caesareo
645 4435 741 4513 Regio
762 4435 905 4494 Nummo-
1005 4430 1078 4491 Ord.
1096 4431 1128 4491 S.
1144 4432 1253 4492 Franc.
1270 4431 1375 4494 Budse
1394 4431 1490 4498 1799.
1508 4433 1539 4498 8.

169 4539 246 4592 rum,
263 4518 464 4596 Gemmarum,
485 4543 643 4604 rerumque
659 4533 794 4583 veterum
817 4544 903 4603 prae·
1027 4521 1153 4582 Latine:

170 4607 286 4683 fectus,
314 4619 346 4670 et
378 4611 409 4670 in
437 4611 642 4672 Universitate
674 4615 832 4673 Professor
862 4615 905 4674 rei
959 4612 1081 4672 Nummi
1104 4621 1223 4672 veteres
1247 4612 1385 4674 anecdoti
1409 4635 1447 4674 ex
1470 4617 1602 4676 Musaeis
1619 4616 1695 4676 Cae-

1006 4721 1093 4762 sareo
1124 4701 1360 4777 vindobonensi,
1382 4705 1556 4764 Florentino
1591 4707 1694 4785 Magni

1005 4791 1099 4850 Ducis
1116 4792 1293 4866 Hetruriae,
1311 4791 1505 4853 Granelliano
1522 4815 1600 4855 nunc
1618 4799 1692 4857 an-

1005 4902 1102 4955 sareo,
1118 4883 1295 4955 Vitaaiano,
1312 4883 1545 4958 Festetisciano,
1563 4886 1693 4967 Savorg-

1004 4993 1100 5046 nano,
1132 4972 1251 5032 Veneto
1269 4972 1405 5052 aliisque.
1438 4973 1569 5054 Collegit
1585 4987 1615 5036 et
1631 4981 1692 5038 ani·

1004 5061 1262 5122 madvsrsionibus
1293 5063 1464 5123 illustravit.
1512 5067 1619 5126 Partes
1650 5071 1691 5128 ll.

1004 5151 1140 5211 Viennae
1155 5151 1320 5211 Kurzbeck
1340 5149 1435 5303 17710).
1452 5151 1483 5279 ἓ.

171 4698 358 4777 antiquariae
382 4703 561 4762 constitutus
578 4712 632 4776 cst,
657 4724 715 4783 quo
732 4705 761 4763 iu
777 4712 905 4784 utroque

170 4807 314 4863 munere,
345 4789 516 4850 Consiliarii
538 4791 680 4853 Caesarei
703 4794 791 4853 titulo
817 4793 905 4854 deco-

170 4885 266 4952 ratus,
290 4879 328 4938 ad
350 4889 476 4940 mortem
498 4903 593 4962 nsque
617 4884 758 4961 perstitit.
783 4881 860 4943 Cum
875 4883 906 4942 in

170 4965 297 5027 Cimelio
323 4967 472 5030 Caesareo
494 4972 614 5033 Nummi
640 4974 752 5054 antiqui
774 4971 904 5033 Graeco·

167 5077 237 5116 rum
268 5067 299 5118 et
314 5059 517 5120 Romanorum
549 5062 645 5122 adhuc
670 5065 761 5142 juxta
791 5062 906 5122 metalli

167 5150 302 5228 speciem
325 5159 356 5209 et
378 5151 612 5228 magnitudinem
642 5153 768 5213 ordinati
791 5160 903 5225 000001,
