3990 5950
1008 307 1229 372 ,94-

410 473 676 540 SALLHPRLS
714 469 877 544 Uarenus,
916 469 1094 546 Germanus,
1149 471 1396 552 Olagsnfurtense
1412 472 1499 534 rexit.
1529 473 1609 534 Dein
1630 473 1788 534 universae
1803 493 1871 554 pro·

363 566 477 627 Peldas
504 566 535 624 in
556 563 698 624 Carsiola
719 561 830 622 illustri
849 581 958 642 genere
975 559 1005 624 6.
1020 561 1094 624 dan.
1148 563 1264 624 vinciae
1287 563 1466 624 Austriacae
1489 566 1680 644 praepositus
1708 573 1765 625 cst.
1796 562 1874 626 Post

365 654 462 719 1673.
479 666 585 728 natus,
601 661 708 714 01001.
726 651 777 714 16.
793 651 937 712 Societati
953 653 1093 727 insertus,
1146 653 1259 714 1100100
1283 652 1411 732 Collegii
1434 654 1611 716 Viennensis
1636 663 1668 716 et
1692 653 1871 716 Graeeensis

364 747 511 807 absolutis
547 742 749 804 sevcrioribus
792 742 898 802 studiis
931 740 1027 804 1711.
1062 743 1093 802 10
1147 753 1178 804 01
1200 744 1398 824 Praepositus
1417 742 1533 804 Domus
1555 746 1712 824 professae
1740 746 1874 806 interluit

362 837 549 896 Lusitaniam
569 833 762 894 transmissus
779 843 835 908 est,
850 833 902 893 uhi
917 833 1014 912 primo
1028 831 1090 913 Gy·
1146 834 1233 895 etiam
1248 835 1364 896 Romae
1384 834 1619 914 Congregationi
1637 835 1707 899 XV.
1727 835 1873 914 generali,

362 947 474 987 naeceo
492 947 510 986 0
526 923 761 984 confessionibus
781 925 848 996 fuit,
869 924 936 1002 dein
958 922 1090 984 Serenis·
1144 924 1174 985 in
1190 944 1250 1006 que
1263 924 1303 984 A.
1319 926 1357 984 R.
1371 923 1408 984 P.
1424 925 1601 986 Franciscus
1616 925 1694 986 Retz
1711 924 1871 986 Societatis

363 1018 445 1076 simis
463 1014 629 1076 infantibus
652 1015 767 1074 Mariae
786 1013 955 1086 Barbarae,
978 1011 1090 1074 Carolo
1144 1015 1235 1074 totius
1255 1014 1450 1094 Praepositus
1479 1015 1638 1077 Generalis
1669 1015 1783 1076 electus
1813 1025 1870 1076 est.

362 1117 393 1166 et
415 1105 508 1167 Petro
539 1106 570 1165 In
600 1105 708 1164 litteris
739 1113 770 1164 et
789 1105 903 1184 pietate
923 1104 1090 1164 Instructor
1142 1105 1270 1166 Demum
1284 1106 1406 1185 Regens
1422 1105 1549 1185 Collegii
1562 1104 1685 1166 Nordici
1700 1105 1807 1180 Lincii,
1822 1107 1871 1165 vir

362 1198 466 1270 datus,
492 1205 523 1256 et
542 1195 702 1274 postremis
726 1193 764 1256 11
793 1195 878 1255 annis
905 1194 1000 1274 ipsius
1023 1193 1089 1256 Ser.
1123 1215 1261 1276 ·semper
1275 1205 1447 1256 mansuetus
1462 1197 1493 1256 in
1508 1216 1588 1269 suos,
1612 1205 1643 1256 et
1663 1197 1747 1256 sortis
1766 1197 1797 1256 in
1818 1195 1869 1255 ad·

361 1289 497 1366 Reginae
512 1285 620 1346 Annae
634 1284 790 1364 Josephae
802 1285 1013 1345 conscientiam
1028 1303 1089 1344 mo·
1142 1286 1238 1346 versia
1254 1286 1352 1360 animi,
1367 1286 1418 1367 pie
1433 1286 1509 1347 obiit
1523 1283 1576 1349 28.
1594 1285 1678 1366 Sept.
1696 1283 1793 1350 1750.
1809 1295 1869 1347 aet.

362 1379 485 1438 deratus
516 1385 571 1448 est,
603 1396 638 1436 ac
668 1374 796 1456 denique
825 1375 1010 1456 Ulyssipone
1037 1371 1088 1436 18.
1144 1373 1197 1438 81.

362 1467 445 1548 Sept.
464 1465 560 1530 1741.
577 1475 635 1526 001.
652 1461 706 1528 68.
722 1467 771 1546 pie
787 1465 870 1526 obiit.
1210 1465 1312 1526 Edidit
1326 1465 1433 1527 latine:

428 1559 525 1618 Extat
546 1558 625 1635 ejus:
1143 1556 1254 1638 Apollo
1271 1576 1357 1618 sacer
1372 1576 1507 1632 0000000,
1523 1557 1662 1631 moriens,
1672 1557 1869 1638 triumphans.

361 1649 515 1728 Epistola,
544 1655 742 1728 quamortem
772 1645 808 1706 P.
839 1644 953 1706 Kilisni
972 1643 1095 1724 Stumpi
1187 1647 1322 1708 Viennae
1339 1643 1435 1709 1701.

407 1738 438 1798 8.
460 1738 492 1798 J.
514 1737 621 1798 Pohini
650 1733 746 1799 1720.
785 1745 818 1798 01
835 1735 871 1796 P.
887 1735 1030 1796 Prosana
1058 1736 1091 1796 in
1144 1736 1246 1798 Suada
1279 1736 1440 1799 Polemios.
1474 1737 1611 1798 Viennae
1645 1737 1741 1818 Lsop.
1777 1736 1871 1818 Voigt

407 1830 482 1888 muri
498 1829 627 1889 defuncti
644 1847 709 1886 curn
725 1826 811 1887 brevi
826 1827 924 1905 elogio
940 1827 1088 1886 referte·
1190 1824 1285 1891 1102.
1313 1824 1344 1890 8.

407 1920 575 1998 germanice
594 1919 625 1978 in
639 1917 792 1978 Sttichlein
807 1916 843 1978 P.
861 1916 950 1977 VIII.
966 1938 995 1977 n.
1015 1913 1088 1978 193.
1476 1949 1549 2002 (osa.
1561 1953 1581 1988 a
1596 1949 1674 2000 001μο
1688 1950 1749 1989 rm.
1763 1948 1843 2003 000.)

361 2010 528 2070 Praeterea
542 2009 572 2068 in
588 2009 663 2068 Msc.
684 2015 768 2068 extat
783 2006 887 2068 Oodex
907 2008 937 2067 in
956 2004 988 2068 4.
1004 2007 1090 2066 varia

405 2100 591 2172 Drammata,
624 2096 763 2178 Elegiae,
794 2096 920 2178 Satyrus
952 2089 1019 2158 octo
1050 2096 1088 2158 de
1186 2097 1410 2163 ennomus
1426 2095 1740 2171 reconsecrare,
1757 2097 1869 2175 Zagro-

405 2191 504 2250 studio
520 2189 686 2249 litterarum
702 2188 866 2249 continens.
1142 2187 1209 2249 bine
1229 2187 1323 2250 1614.
1339 2197 1437 2262 natus,
1454 2197 1484 2248 et
1500 2197 1559 2248 aet.
1577 2185 1630 2250 21.
1645 2189 1676 2246 in
1687 2185 1868 2248 Societatem

810 2309 921 2363 (pm,
935 2307 1061 2361 we...)
1141 2287 1309 2359 cooptatus,
1324 2275 1347 2340 4
1368 2287 1441 2338 vota
1459 2279 1623 2359 professus,
1642 2278 1789 2352 Flumine,
1805 2278 1867 2337 Va·

1140 2366 1270 2442 rasdini,
1294 2369 1463 2450 Zagrabiae
1490 2368 1691 2429 Conciouator
1716 2368 1800 2428 annis
1825 2365 1866 2429 13

404 2459 567 2523 emas
583 2459 787 2532 Lsorounus,
803 2455 986 2531 Germanus,
999 2475 1038 2518 ex
1051 2455 1086 2515 il·
1139 2459 1260 2532 Rector,
1276 2459 1421 2532 Minister,
1436 2458 1625 2530 Procurator,
1641 2467 1672 2520 01
1687 2455 1867 2518 Seminariu-

360 2549 539 2610 lustrissime
553 2549 665 2608 familia
680 2546 799 2608 Graecii
813 2549 843 2608 in
856 2547 959 2628 Styria
972 2546 1085 2626 LApr.
1139 2569 1204 2608 rum
1218 2550 1349 2628 Regens,
1365 2548 1531 2628 Operarius
1551 2550 1627 2613 inter
1647 2549 1722 2609 haec
1741 2547 1868 2608 indeles-

362 2637 458 2702 1682.
474 2650 572 2712 00100,
588 2647 693 2699 01001.
715 2636 768 2700 17.
789 2637 933 2698 Societati
953 2635 1086 2716 adsorip·
1139 2659 1200 2712 sus,
1216 2659 1308 2718 aegro
1324 2641 1413 2700 etiam
1429 2649 1459 2699 et
1474 2639 1625 2718 decrepito
1640 2658 1774 2718 corpore,
1791 2637 1867 2698 Gru·

358 2739 416 2804 tus,
447 2727 470 2792 4
498 2739 572 2790 vota
601 2729 774 2808 professus,
804 2727 1021 2808 Philosophiae
1055 2735 1086 2788 01
1140 2730 1226 2804 oilixi,
1240 2730 1370 2790 Divinae
1385 2729 1493 2790 Matris
1508 2739 1540 2790 et
1554 2727 1732 2789 Sanctorum
1745 2726 1867 2790 Ordinis

359 2818 703 2899 Theologiae.Doctor,
730 2827 886 2900 utramque
917 2828 980 2880 tum
1005 2817 1085 2892 alibi,
1140 2817 1246 2881 Cultor
1260 2821 1451 2894 tenerrimus,
1471 2829 1542 2900 post
1562 2819 1730 2880 diuturnam
1752 2815 1793 2880 10
1814 2839 1866 2878 00-

358 2919 421 2970 tum
437 2912 573 2972 Viennae
589 2929 624 2970 ac
640 2909 757 2970 Graecii
771 2910 845 2988 ipsis
865 2906 909 2972 29
935 2911 1035 2982 annis,
1054 2917 1087 2970 et
1139 2931 1245 2970 norum
1261 2930 1327 2970 cum
1342 2910 1447 2971 morbo
1463 2910 1582 2983 luctam,
1599 2909 1636 2970 ad
1650 2907 1867 2988 capessendam

357 3003 436 3062 inter
451 3001 512 3061 alia
527 3002 557 3060 10
581 2999 718 3079 Collegio
738 2999 924 3062 Therasiauo
944 2999 1004 3061 Jns
1024 3001 1085 3060 Na·
1139 3001 1252 3080 primae
1267 3001 1454 3062 innocentiae
1470 3021 1609 3060 coronam
1626 2999 1798 3060 avolavitin
1813 3019 1866 3080 pa·

358 3101 445 3152 turae
460 3101 492 3152 et
506 3091 693 3151 Pontificium
709 3088 731 3150 4
747 3091 832 3152 00010
849 3089 963 3168 docuit;
985 3111 1020 3150 00
1035 3089 1085 3151 de·
1138 3092 1228 3151 triam
1243 3087 1273 3151 8.
1291 3091 1369 3151 Nov.
1388 3087 1485 3154 1684.
1501 3099 1561 3150 001.
1578 3087 1630 3154 70.

359 3203 437 3241 mum
453 3180 566 3242 viribus
582 3181 694 3254 fractis,
710 3179 883 3242 Studiorum
906 3181 937 3241 in
957 3180 1085 3242 dirersis
1140 3179 1339 3244 concinnavit
1357 3181 1461 3260 plnres
1484 3180 1576 3241 libros
1598 3181 1665 3260 pios
1685 3180 1784 3260 patrio
1805 3201 1867 3241 ser-

358 3271 433 3332 locis
449 3273 627 3350 praelectus,
650 3271 850 3330 conscientiae
868 3289 991 3330 casuum
1007 3270 1086 3331 solu·
1184 3293 1281 3346 mone,
1297 3280 1329 3332 et
1342 3272 1467 3334 aliorum
1483 3271 1514 3332 in
1529 3271 1654 3332 eundem
1668 3271 1812 3332 traduxit.

359 3374 416 3436 tor,
431 3371 463 3423 et
477 3361 596 3421 revisor
611 3361 766 3434 librorum,
776 3361 824 3441 pie
840 3359 1017 3422 obiitLincii
1034 3357 1085 3424 17.
1476 3391 1549 3445 (effi
1562 3397 1581 3433 ,ς
1595 3392 1673 3444 aa„
1685 3393 1745 3432 pm,
1758 3391 1840 3445 m.)

359 3452 433 3514 Jan.
450 3449 546 3514 1761.
563 3461 622 3511 aet.
640 3447 692 3513 79.

405 3543 522 3602 ¹Extat
535 3542 615 3621 ejus:
1184 3541 1290 3607 tim
1323 3540 1481 3616 Joassss,
1518 3537 1701 3616 Gernrauns,
1736 3539 1866 3613 Franco,

360 3631 465 3694 Sermo
496 3631 702 3711 Panegyricus
732 3629 772 3692 D.
795 3629 926 3710 lgnatio.
952 3631 1087 3694 Viennae
1140 3631 1390 3714 Herbipolitanus
1405 3640 1493 3692 natus
1512 3627 1608 3694 1591.
1625 3639 1684 3692 001.
1703 3627 1754 3692 19.
1769 3629 1866 3690 inSo·

405 3719 742 3802 GeorgSchlegellP.
761 3717 856 3782 1707.
1140 3724 1278 3782 cietatem
1292 3723 1323 3783 in
1342 3721 1503 3783 Provincia
1530 3721 1691 3782 Austrinos
1721 3719 1866 3796 adlectus,

356 3813 470 3874 licendi
487 3812 604 3874 curavit
614 3813 749 3872 Thomas
765 3811 867 3872 Casae
886 3809 917 3872 S.
933 3812 965 3873 J.
986 3811 1088 3874 Philo·
1140 3821 1171 3874 et
1185 3810 1289 3874 4vota
1303 3813 1465 3894 professus,
1479 3811 1738 3892 inphilosophicis,
1753 3811 1866 3872 mathe-

401 3905 536 3984 sophiam
550 3903 848 3983 ηοω-0011000000
861 3902 928 3982 Ign.
948 3902 1086 3964 Derkau-
1139 3903 1253 3963 maricis
1270 3913 1300 3963 et
1314 3901 1490 3982 theologicis
1505 3901 1678 3985 disciplinis,
1690 3923 1765 3983 quos
1780 3901 1866 3962 bien·
1982 3973 1983 3980 ἵ

401 3995 448 4056 nis
483 3996 661 4054 Tractatum
697 3991 734 4052 de
775 3991 936 4054 Orestinus
973 3993 1085 4056 muudi.
1140 3993 1189 4053 nio
1206 3992 1324 4074 publice
1339 3993 1449 4068 docuit,
1464 3991 1559 4072 prohe
1580 3993 1775 4066 exercitatus,
1797 3992 1865 4051 mis·

400 4085 536 4146 Viennae
554 4081 649 4146 1718.
666 4079 765 4144 0119·
790 4080 840 4149 12.
1140 4084 1267 4144 0100010
1284 4083 1372 4144 Sinas
1387 4083 1585 4164 nequidquam
1606 4083 1715 4164 petita,
1737 4082 1782 4142 uti
1797 4103 1865 4142 con-

587 4205 658 4257 (sno
671 4209 690 4244 0
705 4169 782 4254 sai.
796 4205 856 4245 0....
869 4205 935 4244 ω..
950 4205 1061 4259 aaa...)
1140 4174 1277 4236 cionandi
1291 4173 1379 4234 laude
1394 4175 1556 4254 praecipue
1571 4173 1725 4246 excelluit,
1757 4194 1865 4234 munus

1139 4263 1196 4324 hoc
1215 4285 1310 4325 annos
1323 4264 1490 4344 complures
1507 4261 1636 4338 Graecii,
1655 4263 1706 4323 nbi
1722 4264 1865 4342 jamante
1979 4243 1980 4285 l

401 4353 565 4416 natm
603 4351 857 4425 Maxmmarsus,
906 4351 1084 4427 Germanus,
1136 4353 1352 4434 Philosophiae
1385 4354 1502 4414 Ductor
1539 4363 1655 4414 creatus
1699 4353 1866 4433 liturgiam
1978 4349 1979 4385 l

356 4441 478 4504 Graecii
494 4444 523 4502 in
540 4442 645 4522 Styria
659 4461 697 4502 ex
716 4441 918 4503 illustrissima
937 4445 1032 4523 stirpe
1050 4440 1082 4505 ὁ.
1138 4445 1169 4506 S.
1185 4445 1315 4520 tradidit,
1330 4453 1361 4506 01
1376 4445 1512 4506 Viennae
1528 4444 1557 4504 iu
1573 4443 1685 4524 templo
1701 4443 1866 4506 cathedrali
1977 4443 1978 4489 l

356 4531 1082 4606 ,7010166900οε,0100116800101011011-
1138 4533 1169 4596 S.
1186 4533 1332 4615 Stephani
1349 4535 1433 4596 obiit.
1464 4533 1543 4594 Tum
1563 4555 1582 4593 a
1601 4533 1667 4594 Ser.
1687 4531 1865 4614 Hungariae
1919 4595 1926 4606 ,
1976 4527 1977 4587 l

356 4625 497 4704 scriptus,
513 4621 535 4684 4
550 4633 623 4684 vote
636 4624 798 4704 professus,
818 4622 1031 4702 Philosophiae
1052 4633 1083 4684 et
1137 4635 1167 4686 01
1182 4625 1343 4686 Bohemiae
1358 4628 1442 4706 Rege
1452 4623 1640 4686 Perdinaudo
1652 4623 1711 4684 III.
1725 4625 1754 4685 in
1770 4627 1865 4686 aciem

357 4714 544 4794 'I'heologiae
558 4714 688 4789 Docton,
708 4712 843 4774 Viennae
853 4711 984 4787 Possim,
1003 4714 1082 4774 Rhe·
1140 4715 1284 4778 ndversns
1301 4715 1413 4778 Succos
1432 4716 1598 4796 prodeunte
1619 4715 1649 4776 in
1666 4713 1864 4776 Concionnto·

355 4805 481 4866 ioricam
502 4815 533 4865 et
555 4805 707 4877 Ethicam,
727 4803 825 4863 Linoii
844 4823 931 4862 casus
951 4803 1084 4865 tradidit.
1139 4826 1200 4866 rem
1217 4807 1347 4868 adscitus
1363 4817 1418 4880 est,
1433 4806 1518 4885 cujus
1533 4815 1636 4886 partes
1652 4805 1738 4866 simul
1747 4805 1863 4866 01000-

357 4895 430 4956 Mox
456 4897 591 4975 regimini
618 4895 769 4966 admotus,
800 4891 967 4971 Collegium
987 4895 1084 4973 primo
1138 4898 1264 4972 iesaarii,
1287 4907 1445 4978 postquam
1472 4897 1497 4957 is
1525 4896 1564 4956 ad
1590 4897 1709 4976 imperii
1737 4895 1864 4976 Sceptra

357 4986 543 5060 Leohienae,
573 4995 636 5046 tum
666 4983 843 5046 convictum
874 4982 1085 5061 Graecensem,
1139 4987 1252 5048 electus
1268 4988 1419 5060 estensis
1435 4985 1735 5070 truquestein
1751 4987 1863 5048 obitum

356 5085 428 5156 post
449 5075 587 5154 Collegia
613 5075 803 5146 Labacense‚
834 5073 1035 5138 Passaviense
1055 5087 1087 5138 et
1139 5078 1292 5150 sustinuit,
1322 5079 1353 5138 iu
1374 5077 1455 5140 Aula
1475 5099 1567 5140 causa
1588 5078 1681 5154 nulls,
1711 5079 1767 5140 nisi
1788 5097 1863 5158 quae
