3990 5950
785 359 1006 422 ,79-

204 525 353 586 Tradaxit
369 543 387 584 e
403 523 561 584 lusitanice
577 525 608 584 in
623 523 760 582 latinum:

133 616 312 696 Apologiam
343 614 380 675 P.
405 613 562 674 Benedicti
589 613 626 674 de
657 614 795 673 Fonseca
814 633 869 692 pro

178 707 329 766 Societate
345 705 432 766 Jesu.

363 825 436 878 (aon-
450 829 471 864 ει
483 823 563 874 Scripta
576 825 636 863 Prov.
651 825 719 862 suere.
732 824 842 875 Patatnsr.)

177 989 558 1053 aammmaesa
578 987 760 1060 Josarnus,
793 986 867 1047 Ger-

131 1075 252 1153 manas,
263 1079 382 1140 Graecii
397 1081 428 1138 in
445 1079 548 1158 Styria
562 1087 669 1151 natas,
686 1066 717 1136 et
733 1077 868 1138 Viennae

131 1171 163 1229 in
179 1171 361 1230 Societatem
378 1179 535 1247 receptus,
557 1189 623 1226 cnm
647 1165 750 1226 andita
764 1167 867 1226 Philo·

130 1261 245 1338 sophia,
275 1260 392 1318 litteras
422 1258 614 1318 humaniores
645 1257 759 1337 aliquot
782 1258 867 1316 annis

131 1351 291 1420 docuisset,
309 1349 484 1428 Tyrnaviae
499 1348 605 1419 Poeta,
617 1348 739 1425 juvenis
755 1347 867 1424 angeli·

131 1459 185 1500 cae
201 1441 298 1512 vitae,
321 1447 352 1498 et
375 1439 407 1498 S.
431 1438 541 1517 Ignatii
561 1437 738 1496 tenerrimus
762 1435 868 1496 Cultor

131 1530 202 1588 huic
215 1529 312 1588 labori
330 1527 487 1588 succubuit
502 1527 577 1588 febri
593 1535 682 1586 acuta
696 1536 866 1606 praematu-

131 1641 164 1680 re
180 1619 316 1680 sublatus
334 1615 388 1679 23.
405 1617 489 1678 Junii
508 1613 604 1678 1717.

200 1707 304 1767 Edidit
317 1707 423 1766 latine:

133 1797 291 1878 Epistolae
305 1798 460 1856 laureatae
476 1815 554 1855 anno
571 1795 665 1874 primo
688 1795 760 1855 belli
780 1796 866 1854 turci:

179 1889 206 1948 ei
242 1887 465 1966 Angustissimo
501 1883 611 1945 Oarolo
649 1884 867 1966 caesareisque

178 1979 267 2038 armis
284 1987 329 2036 ter
340 1975 471 2037 secando
483 1975 681 2053 conscriptae.
691 1976 867 2054 Tymaviae

177 2077 244 2148 typ.
275 2065 371 2126 acad.
406 2063 504 2126 1717.
541 2062 592 2126 12.
619 2065 751 2144 eleganti
776 2085 867 2125 versu

177 2158 318 2236 elegiaco.

468 2275 540 2327 (Gesta
554 2279 574 2314 st
588 2276 667 2324 Scripta
682 2276 743 2313 Pras.
758 2275 838 2327 dratr.)

175 2439 540 2512 ussermannus,
572 2438 802 2518 Transylvanus
827 2459 866 2498 ex

131 2532 223 2590 nobili
237 2531 348 2591 familia
364 2531 400 2590 de
417 2529 613 2590 Sordatsnlva
628 2527 789 2587 Bardozini
811 2525 864 2589 31.

130 2621 152 2680 J
156 2641 204 2680 an.
224 2618 321 2682 1713.
339 2629 442 2693 natus,
464 2639 501 2679 ex
522 2619 661 2682 Unitario
679 2617 864 2692 Catholicae,

1 2723 2 2726 ’
131 2711 270 2794 absoluta
295 2709 485 2788 Claudiopoli
510 2709 705 2786 Philosophia
726 2716 785 2768 aet.
810 2705 864 2769 22.

130 2801 311 2861 Societatem
325 2801 491 2878 ingressae,
508 2796 529 2860 4
545 2808 618 2858 vota
632 2799 796 2877 professus,
812 2797 863 2856 hu-

1 2919 2 2922 *
129 2892 301 2950 manitatem
317 2911 352 2950 ac
368 2889 593 2968 Philosophiam
609 2887 796 2966 Claudiopoli
812 2887 863 2947 do-

130 2981 200 3053 cuit,
231 2981 268 3039 ad
285 2979 429 3060 populum
453 2978 538 3052 dixit,
570 2977 863 3055 congregationibus

131 3071 277 3148 praefuit,
295 3089 330 3128 ae
346 3067 468 3128 sedulus
490 3069 521 3126 in
541 3067 666 3127 diversis
688 3067 864 3144 Hungariae

130 3159 204 3217 locis
221 3157 396 3237 Operarius,
412 3165 481 3237 post
498 3157 641 3217 abolitum
657 3154 864 3216 Ordinemtlo-

131 3267 225 3307 ronne
256 3248 410 3307 Saxonum
441 3249 471 3306 in
497 3246 722 3326 Transylvania
753 3245 864 3325 degens

131 3338 205 3397 obiit
224 3333 318 3401 1789.
336 3345 395 3396 aet.
414 3333 466 3398 73.

197 3427 301 3488 Edidit
322 3427 433 3487 latine:

129 3517 203 3576 Idea
219 3517 370 3576 christiani
386 3517 486 3576 militis
509 3517 539 3576 in
561 3513 731 3575 Godefredo
752 3515 864 3574 Buillo-

173 3609 222 3666 nio
243 3607 474 3687 Hierosolymae
496 3614 713 3684 expugnatore,
735 3607 865 3664 carmine

175 3699 259 3775 epieo
276 3717 430 3776 expressa.
455 3695 647 3775 Claudiopoli
665 3692 762 3756 1742.
782 3693 833 3755 12.

1 3831 2 3852 2
132 3784 228 3846 Gesta
248 3787 280 3847 S.
303 3789 428 3847 Nicetes
452 3786 563 3845 veteris
583 3784 698 3844 Daciae
720 3785 866 3864 Episcopi

176 3885 207 3935 et
221 3875 375 3956 Apostoli.
392 3875 581 3955 Claudiopoli
600 3871 697 3934 1750.
716 3871 748 3934 8.

358 4032 431 4084 (aare
445 4037 466 4071 at
479 4031 557 4081 Scripta
570 4033 631 4070 Prav-
647 4033 713 4070 dealt.
727 4031 840 4084 Pri-aer.)

177 4197 347 4260 rausa
362 4195 530 4270 Maenas,
546 4197 725 4274 Hungarus,
742 4195 866 4256 Szakol-

132 4307 204 4346 czae
221 4284 275 4348 30.
292 4289 372 4346 Nor.
393 4283 490 4348 1698.
506 4295 604 4359 natus,
621 4295 680 4345 aet.
699 4281 752 4345 18.
765 4285 864 4345 Socie-

130 4385 224 4436 tatem
241 4377 322 4450 adiit,
345 4374 414 4437 et4
436 4385 508 4435 vota
526 4377 678 4455 professus
699 4374 866 4435 Oassoviae

1 4469 2 4560 ᾖ
131 4466 342 4545 Philosophiae
364 4467 494 4540 Ductor,
515 4465 640 4526 eandem
662 4466 790 4524 triennio
814 4463 866 4524 do-

133 4557 202 4614 cuit.
235 4557 315 4616 Tum
330 4557 469 4622 Soluensi
491 4555 590 4615 domui
605 4556 784 4634 praefectus,
801 4575 868 4614 cum

136 4643 257 4704 infirmis
289 4646 367 4707 domi
399 4647 530 4727 forisque
561 4665 616 4724 pro
644 4644 709 4704 zelo
742 4665 796 4704 sno
818 4644 869 4703 diu

132 4745 281 4815 noctuque
296 4737 466 4808 assisteret,
491 4736 586 4794 altero
609 4754 687 4793 anno
703 4735 811 4794 hausto
828 4733 866 4793 ab

133 4825 248 4884 infirmo
278 4827 371 4885 milite
403 4845 520 4884 veneno
562 4825 685 4882 victima
715 4823 867 4883 charitatis

133 4915 274 4974 occubuit
287 4915 397 4975 Solnae
414 4913 468 4976 21.
485 4915 585 4974 Martii
603 4911 700 4974 1737.
718 4921 781 4976 aet.
797 4909 851 4974 39.

200 5005 301 5064 Edidit
316 5005 426 5064 latine:

132 5095 253 5155 Arcana
275 5105 404 5154 satanae
428 5103 458 5152 et
482 5095 565 5154 artis.
591 5093 667 5152 Pars
698 5093 723 5150 Ι.
757 5091 868 5152 Cesso·

970 525 1123 674 qippgstyp.
1145 519 1240 582 dead.
1259 517 1357 583 1734.
1381 518 1434 582 12.
1456 521 1532 584 Pars
1556 524 1597 584 11.
1614 526 1654 586 ib.

1257 731 1331 784 (Gesta
1345 735 1364 770 et
1378 732 1457 781 serapt·
1470 732 1530 773 eros.
1546 735 1628 788 Ante.)

968 879 1102 942 asaza
1133 878 1278 954 Manus,
1311 877 1488 951 Germanus,
1519 880 1657 940 Passavii

925 965 955 1028 7.
973 968 1041 1028 Oct.
1056 966 1151 1033 1697.
1169 977 1267 1042 natus,
1284 977 1344 1029 aet.
1364 963 1414 1030 18.
1431 968 1612 1029 Societatem
1626 971 1658 1028 in

922 1059 1076 1138 provincia
1091 1059 1252 1117 Austriaca
1268 1059 1437 1136 ingressus,
1461 1057 1483 1119 4
1499 1069 1573 1118 vota
1588 1079 1657 1138 pro-

922 1150 1030 1222 fessus,
1047 1157 1077 1208 et
1091 1148 1122 1206 in
1138 1157 1265 1227 atraque
1278 1148 1418 1208 facultate
1431 1147 1567 1208 Viennae
1576 1148 1656 1207 Doc-

922 1247 970 1297 tor
987 1247 1115 1309 creatus,
1131 1258 1198 1296 cum
1210 1247 1367 1318 utramque
1389 1237 1540 1296 scientiam
1561 1237 1656 1297 diver·

923 1328 964 1388 sis
986 1329 1018 1386 in
1037 1327 1111 1386 loeis
1142 1327 1307 1400 docuisset,
1335 1326 1374 1386 ob
1399 1324 1484 1385 Juris
1515 1327 1657 1405 pontificii

922 1411 1114 1496 praecipuam
1138 1417 1291 1476 scientiam
1307 1416 1418 1496 ubique
1435 1416 1656 1494 consultus,pie

922 1506 1041 1567 demum
1062 1506 1135 1565 obiit
1156 1506 1343 1584 Clugenfurti
1372 1503 1424 1566 17.
1445 1503 1530 1564 Junii
1557 1502 1655 1567 1759.

922 1605 981 1657 aet.
999 1594 1052 1659 62.

989 1687 1066 1746 Sunt
1082 1686 1147 1763 ejus
1162 1685 1267 1744 latine:

922 1775 1040 1836 Thesea
1061 1774 1243 1838 Canonieae.
1268 1775 1404 1834 Viennae
1435 1769 1532 1834 1741.
1557 1775 1653 1854 Leop.

966 1864 1123 1925 Kaliwoda
1138 1864 1189 1923 fol.

1265 1983 1337 2036 (aera
1350 1989 1370 2023 at
1385 1985 1462 2033 Scripta
1475 1984 1535 2023 Pror.
1549 1983 1628 2036 doctr.)

966 2134 1138 2198 raam
1154 2133 1319 2204 Iaaarrus,
1336 2129 1518 2204 Germanus,
1536 2128 1653 2190 Graecii

920 2225 950 2284 in
970 2223 1073 2303 Styria
1094 2221 1125 2284 6.
1146 2223 1226 2282 Nov.
1254 2216 1352 2282 1708.
1384 2229 1482 2294 natus,
1514 2229 1574 2279 aet.
1600 2217 1651 2281 17.

920 2313 1064 2373 Societati
1081 2311 1258 2391 adscriptus,
1291 2319 1322 2370 et
1352 2306 1375 2370 4
1405 2318 1476 2370 vota
1491 2311 1654 2388 professus,

921 2403 1172 2463 Concionatorem
1193 2411 1348 2476 strenuum
1369 2399 1454 2459 annis
1472 2397 1514 2459 14
1530 2399 1654 2458 diversis

919 2494 950 2552 in
966 2493 1049 2566 locis,
1081 2513 1117 2552 ac
1136 2491 1254 2551 demum
1273 2491 1410 2551 Viennae
1433 2490 1464 2548 in
1480 2488 1568 2548 domo
1584 2509 1654 2566 pro-

919 2583 999 2642 fessa
1015 2583 1089 2660 egit,
1106 2591 1137 2641 et
1152 2580 1271 2640 sublato
1289 2577 1402 2640 Ordine
1420 2580 1469 2660 pie
1487 2579 1560 2638 obiit
1574 2579 1653 2638 Neo-

920 2673 1007 2732 stadii
1026 2668 1124 2736 1780.
1142 2680 1201 2730 aet.
1219 2667 1273 2732 72.

987 2761 1089 2822 Edidit
1104 2761 1286 2840 germanice:

920 2851 1015 2912 Sacra
1030 2851 1169 2912 solemnis
1192 2849 1292 2922 dictio,
1323 2869 1389 2908 cum
1419 2847 1458 2907 de
1489 2849 1655 2907 constituta

964 2961 1040 3020 pace
1055 2941 1193 3020 publicae
1208 2939 1325 3018 gratiae
1341 2947 1511 3016 ageremur.
1526 2935 1652 3016 Olagen-

964 3032 1034 3090 finti
1052 3026 1150 3093 1749.
1165 3026 1198 3090 4.

919 3121 1024 3181 Sermo
1048 3120 1247 3201 panegyricus
1276 3116 1308 3180 S.
1330 3115 1486 3176 Romedio.
1517 3116 1653 3175 Viennae

966 3209 1058 3289 Greg.
1075 3207 1241 3270 Kasabeck
1256 3205 1289 3268 4.
1730 3277 1733 3283 Ι

919 3301 1089 3380 Panegyris
1105 3301 1141 3358 B.
1159 3297 1301 3358 Ottwino.
1318 3297 1455 3358 Viennae
1471 3294 1494 3355 J
1496 3315 1540 3354 os.
1554 3295 1653 3354 Kara-

965 3389 1043 3451 beck
1070 3386 1166 3452 1757.
1183 3385 1216 3448 4.

1263 3507 1336 3560 (eona
1348 3511 1369 3546 st
1382 3507 1460 3555 Scripta
1473 3507 1534 3544 ΡΜ.
1548 3505 1628 3558 haar.)

966 3659 1122 3722 sama
1138 3657 1301 3729 lassatus,
1318 3653 1497 3726 Germanus,
1518 3653 1655 3712 Viennae

920 3748 1064 3808 Austriae
1082 3745 1134 3808 13.
1150 3745 1227 3826 Apr.
1246 3741 1344 3806 1716.
1361 3751 1459 3818 natus,
1476 3751 1536 3802 aet.
1556 3737 1607 3803 15.
1624 3742 1656 3802 in

922 3837 1103 3898 Societatem
1123 3844 1271 3914 receptus,
1304 3843 1335 3894 et
1355 3831 1377 3894 4
1397 3841 1470 3892 vota
1492 3832 1654 3911 professus,

922 3927 1141 4006 cumpluribus
1174 3926 1258 3985 annis
1289 3923 1416 3984 diversis
1447 3923 1479 3980 in
1499 3922 1573 3981 locis
1589 3940 1654 3978 eum

921 4015 1010 4077 laude
1027 4017 1065 4076 ad
1080 4015 1226 4095 populum
1242 4014 1376 4086 dixisset,
1393 4011 1527 4071 Viennae
1541 4011 1573 4069 in
1592 4008 1654 4068 Do·

921 4127 968 4166 mo
988 4106 1124 4186 professa
1145 4103 1394 4182 Congregationie
1420 4097 1462 4162 72
1486 4100 1655 4179 Discipulo-

920 4217 986 4255 rum
1001 4195 1039 4255 ab
1056 4214 1134 4254 anno
1152 4191 1249 4255 1759.
1267 4195 1395 4253 Praeses
1410 4190 1448 4251 ad
1463 4190 1656 4251 abolitionem

921 4305 1015 4366 nsque
1031 4283 1152 4345 Ordinis
1168 4284 1230 4356 fait,
1242 4284 1351 4363 pieque
1368 4282 1441 4342 obiit
1456 4281 1593 4343 Viennae
1601 4276 1654 4355 11.

919 4376 993 4455 Maji
1011 4371 1108 4436 1776.
1126 4383 1185 4434 aet.
1203 4369 1257 4434 66.

988 4465 1092 4524 Edidit
1114 4463 1298 4543 germanice:

922 4555 1027 4614 Sermo
1043 4555 1074 4614 in
1105 4553 1291 4633 professione
1306 4551 1425 4612 Sororis
1452 4571 1524 4610 suae
1539 4550 1655 4609 Mariae

968 4645 1135 4704 Michaelae
1151 4643 1316 4702 Therasiae
1334 4651 1365 4702 et
1381 4642 1507 4701 duarum
1530 4639 1655 4698 aliarum

970 4733 1218 4794 Caelestinarum.
1235 4729 1498 4812 StyraeJo.Jahn
1516 4725 1653 4789 1741.4.

1263 4851 1335 4904 (aaa
1348 4856 1368 4890 st
1382 4851 1459 4898 Scripta
1472 4851 1534 4888 Pras.
1549 4849 1629 4901 aaa.)

967 5001 1219 5065 rsaassmm
1235 4999 1420 5068 Aunosms,
1444 4995 1538 5056 Italus
1561 4996 1592 5054 in
1606 4995 1656 5054 In-

923 5092 990 5152 sula
1006 5091 1122 5150 Oberso
1139 5089 1402 5149 ditionisVenetae
1418 5083 1547 5148 bllart.
1558 5084 1655 5149 1654.
