3990 5950
1014 361 1055 371 ..
1097 323 1145 392 30
1193 361 1234 372 -

413 486 465 550 11.
482 487 551 554 001.
570 486 667 552 1716.
688 487 725 550 10
745 487 950 570 Eleemosyna
970 497 1094 570 accepta
1148 490 1224 569 Apr.
1242 484 1339 550 1776.
1360 495 1418 548 aet.
1442 483 1495 550 72.
1517 487 1662 552 sumebas
1682 487 1814 572 Josephi
1833 492 1876 552 Π.

411 587 441 640 01
456 580 607 641 Medicina
625 580 794 660 ignatiana.
819 614 860 626 -
881 601 975 660 germ.
995 579 1036 640 ib.
1056 580 1093 640 P.
1149 580 1364 640 solemnissime
1384 578 1556 641 tumulatus.

411 670 482 734 VII.
499 667 573 732 154.
1139 706 1144 714 ·
1216 670 1311 730 Extat
1331 669 1411 748 ejus:

1150 759 1388 822 Observationes
1412 758 1557 822 (lometae
1579 759 1619 820 ab
1634 780 1672 822 eo
1687 762 1783 823 iactae
1798 783 1879 824 men-
1950 837 1955 844 Ὦ

411 852 550 916 1131111
566 851 739 924 desanaus,
761 850 939 926 Germanus,
955 850 1051 912 Lincii
1065 851 1096 910 in
1196 869 1229 910 se
1244 849 1409 910 Februario
1429 847 1526 912 1743.
1549 850 1697 926 Viennae,
1717 862 1749 914 et
1763 862 1880 914 extruo

366 941 493 1001 Austris
512 938 565 1006 23.
581 941 673 1002 Febr.
693 939 789 1005 1704.
811 951 900 1002 00100
921 950 952 1002 01
966 949 1025 1002 aet.
1043 937 1097 1002 15.
1195 950 1245 1002 tae
1260 960 1298 1001 ex
1314 940 1444 1020 epistola
1462 941 1499 1004 P.
1521 940 1661 1004 Cornabe
1683 943 1723 1004 ad
1741 943 1882 1004 Isaacum

365 1032 395 1090 in
412 1031 595 1092 Societatem
610 1042 749 1112 receptus
772 1031 885 1094 4vota
899 1033 1051 1112 professus
1067 1039 1098 1092 et
1197 1031 1328 1092 Lawson
1351 1051 1386 1091 ac
1405 1031 1536 1092 insertae
1566 1033 1596 1092 iu
1626 1035 1881 1095 mmsaotiombus

365 1121 580 1202 Philosophiae
589 1123 705 1183 Doctor
722 1123 760 1184 ab
775 1121 963 1184 00001743.
978 1122 1009 1182 in
1024 1121 1097 1182 Uni·
1196 1121 1419 1202 philosophicis.
1435 1121 1564 1182 Londini
1582 1118 1678 1186 1743.

364 1213 509 1272 versitate
534 1213 763 1274 vindobonensi
790 1215 949 1274 hiethesim
969 1212 1099 1292 primum
1152 1212 1332 1272 Dissertatio
1368 1211 1406 1273 de
1435 1220 1547 1272 natura
1579 1212 1705 1289 Electri.
1745 1215 1882 1276 Viennae

365 1311 429 1362 tum
443 1304 668 1364 Astrouomiam
684 1314 715 1365 01
729 1305 890 1386 Physicam
912 1304 1097 1383 experimen·
1200 1299 1296 1366 1751.
1313 1298 1347 1363 4.

365 1393 457 1452 talem
473 1393 581 1454 docuit.
597 1395 669 1454 Fuit
684 1397 773 1455 etiam
786 1396 958 1455 successive
978 1413 1033 1473 per
1055 1391 1099 1456 20
1152 1394 1252 1454 Lusus
1297 1393 1436 1452 foliorum
1473 1393 1703 1474 geographicas.
1745 1395 1884 1456 Viennae

365 1504 461 1544 annos
491 1485 666 1546 Praefectus
697 1485 835 1566 speculae
859 1485 1097 1559 1010000010οο,
1200 1479 1296 1548 1759.

366 1595 456 1655 quam
470 1575 535 1654 ipss
554 1575 586 1634 10
607 1574 744 1654 collegio
764 1574 944 1636 Academico
966 1575 1098 1650 extruxit
1152 1571 1334 1634 Godefridus
1363 1572 1673 1653 Hierosolymitanus.
1705 1575 1886 1655 Tragoedia

365 1673 397 1724 et
411 1665 543 1744 copiosis
558 1685 593 1725 00
609 1666 761 1746 exquisitis
771 1666 975 1726 instrumentis
989 1665 1097 1726 instru-
1195 1665 1298 1743 lingua
1312 1663 1420 1736 latina,
1436 1663 1546 1742 gallica
1561 1673 1593 1724 et
1608 1663 1729 1724 arabica
1743 1675 1883 1746 spectan-

364 1755 417 1828 xit,
440 1766 472 1815 et
487 1756 604 1816 Musaei
618 1757 830 1831 Mathematici,
860 1755 939 1836 quod
969 1756 1096 1816 multum
1196 1763 1227 1814 te
1242 1754 1323 1832 Aula
1340 1749 1437 1815 1757.
1453 1749 1507 1816 58.
1523 1764 1554 1814 01
1570 1751 1624 1816 61.
1640 1754 1798 1836 00010010.

365 1847 450 1905 auxit
465 1855 496 1906 et
511 1847 541 1906 in
562 1867 621 1926 qno
644 1846 681 1906 ab
704 1869 782 1908 anno
806 1844 902 1908 1742.
923 1845 962 1906 01
977 1847 1097 1907 obitum
1152 1843 1389 1906 Observationes
1409 1846 1628 1906 astronomicae
1648 1845 1688 1906 ab
1705 1865 1741 1906 eo
1760 1847 1792 1906 in
1813 1867 1884 1926 spe-

364 1955 460 2016 usque
476 1957 561 1996 suum
579 1937 717 2017 Collegia
737 1937 1096 2018 physico-experimenta·
1196 1935 1263 1996 0010
1277 1935 1442 1996 Viennensi
1457 1934 1495 1995 ab
1512 1955 1590 1996 0000
1612 1933 1708 1998 1734.
1726 1935 1764 1998 01
1782 1933 1884 1998 1750.

365 2025 407 2086 lia
429 2025 521 2086 dedit.
544 2027 634 2087 Anno
648 2025 745 2090 1740.
756 2029 904 2108 Legatum
914 2026 1097 2088 Caesareum
1195 2027 1292 2087 iactas
1327 2026 1455 2104 sparsim
1490 2033 1522 2086 et
1556 2026 1696 2086 diversim
1727 2027 1885 2106 vulgatae,

367 2117 453 2178 Corn.
470 2117 508 2178 ab
518 2117 658 2178 Uhlet'eld
676 2118 966 2198 Constantinopolim
986 2128 1097 2180 00100-
1195 2115 1303 2196 dignae
1319 2137 1395 2196 quae
1411 2115 1559 2176 collectim
1574 2117 1765 2195 prodiissent.

366 2207 487 2266 mitatus
519 2217 550 2268 et
581 2210 736 2271 occasione
758 2210 815 2270 hac
834 2229 900 2269 cum
921 2209 1098 2288 quibusdam
1151 2207 1379 2268 Translationes
1394 2205 1539 2292 pluresin
1553 2206 1837 2286 linguamturcicam
1854 2209 1885 2268 in

367 2297 527 2358 Nobilibus
549 2299 723 2379 Legationis
748 2301 836 2360 sociis
864 2300 895 2358 in
918 2299 1022 2360 Asiam
1046 2301 1098 2360 mi·
1197 2317 1283 2357 usum
1298 2295 1492 2358 Academiae.

367 2409 480 2476 norem,
512 2387 682 2469 Smyrnam,
713 2391 877 2470 Ephesum,
893 2390 1026 2470 aliusque
1039 2392 1098 2450 Ar·
1152 2387 1246 2448 Plura
1259 2387 1464 2466 manuscripta
1478 2387 1613 2467 chymica
1634 2388 1734 2466 magni
1754 2407 1887 2448 momen-

368 2479 516 2558 chipelogi
532 2480 645 2540 insulas
662 2481 801 2555 excurrit,
816 2499 927 2558 magna
940 2480 1099 2542 10100011-
1198 2479 1230 2551 ti,
1264 2487 1296 2538 et
1325 2479 1455 2537 omnium
1484 2478 1546 2538 lere
1577 2479 1776 2553 scientiarum,
1806 2480 1887 2540 inter

369 2589 494 2650 quarum
503 2591 611 2644 rerum,
619 2572 836 2632 naturaliumet
845 2590 1031 2632 nummorum
1039 2573 1100 2632 col·
1199 2588 1289 2648 quac:
1327 2566 1543 2647 compendium
1577 2569 1818 2649 Metaphysicum
1856 2578 1887 2630 et

368 2660 481 2721 latione
496 2660 602 2721 relata.
618 2662 730 2722 Docuit
749 2671 781 2722 01
800 2661 1027 2740 Philosophiam
1040 2683 1099 2724 orn·
1198 2659 1402 2718 Mecbunicum
1422 2679 1478 2737 000
1494 2659 1630 2720 examine
1652 2659 1716 2720 Ser.
1736 2660 1889 2742 Principis

368 2750 1099 2832 0000800.10011100001000010001010110000·
1199 2748 1328 2830 dosephi
1352 2743 1450 2810 1755.

368 2861 475 2901 norum
491 2841 723 2920 Imperatorem,
739 2851 770 2903 01
779 2843 956 2903 Franciseus
970 2843 996 2904 I.
1012 2845 1101 2922 hujus

368 2931 461 2991 Pater
476 2932 570 2992 multa
590 2951 656 2994 cum
677 2953 714 2994 eo
736 2934 941 3014 experimenta
965 2934 1103 3015 chymica

369 3023 464 3082 100100
478 3023 593 3098 1001000,
608 3023 778 3105 frustraque
793 3031 926 3084 tentasse
946 3045 964 3086 e
983 3026 1100 3086 minori·
1200 3021 1417 3084 rmum
1433 3017 1601 3092 1000000,
1623 3018 1807 3095 Germanus,
1823 3021 1888 3080 Vil-

369 3113 425 3173 bus
441 3113 564 3190 gemmis
585 3116 715 3192 majores
736 3115 904 3176 efformare.
924 3114 1043 3176 Direxit
1062 3117 1099 3176 si·
1154 3110 1212 3170 laci
1232 3111 1262 3170 iu
1278 3108 1502 3172 (1010111024.
1523 3111 1610 3190 April
1628 3107 1725 3172 1638.
1746 3120 1835 3172 natus
1857 3121 1890 3172 et

368 3202 430 3261 mul
460 3204 573 3281 primus
610 3203 747 3285 pluribus
782 3206 867 3264 annis
907 3205 1100 3266 Academiam
1155 3197 1888 3282 001.15800101010111010040010000100·

369 3291 562 3366 Orientalem,
577 3294 608 3352 in
631 3315 692 3374 qua
710 3294 827 3355 nobiles
843 3295 973 3373 juvenes
994 3297 1024 3355 in
1044 3297 1099 3355 lin·
1154 3311 1215 3364 sus,
1239 3291 1450 3371 Philosophiae
1466 3291 1601 3352 Viennae
1620 3291 1737 3352 Doctor
1756 3301 1889 3368 creatus,

368 3383 435 3462 guis
458 3383 652 3444 orientalibus
672 3385 881 3456 instituuntur,
913 3385 963 3464 qui
982 3386 1099 3446 nomine
1155 3401 1221 3440 eum
1244 3381 1390 3442 Sacerdos
1406 3381 1542 3442 Viennae
1557 3382 1680 3442 Possim
1696 3383 1830 3455 doceret,
1848 3383 1889 3444 ad

367 3472 628 3552 Caesareo-Regio
644 3475 827 3553 Legatorum
846 3495 970 3536 munere
989 3477 1020 3536 in
1040 3477 1098 3536 oris
1152 3491 1289 3552 quaeque
1317 3481 1406 3551 aptus
1438 3480 1468 3532 et
1499 3471 1538 3532 ab
1572 3473 1708 3532 omnibus
1732 3473 1888 3534 consultus

367 3563 425 3624 illis
456 3564 627 3648 fungantur.
655 3565 732 3626 Erat
762 3565 807 3624 vir
838 3565 900 3624 aori
919 3566 1039 3644 ingenio
1060 3564 1099 3626 01
1153 3560 1375 3641 Philosophiam
1391 3561 1485 3622 Lincii
1501 3583 1537 3623 ac
1553 3561 1682 3636 Graecii,
1698 3563 1889 3642 Theologiae

369 3673 418 3714 000
434 3653 578 3734 physicas
594 3654 828 3734 perscrutandas
846 3655 1099 3736 inveniendasque
1153 3650 1288 3712 diversas
1319 3664 1422 3731 partes
1452 3651 1578 3714 diversis
1603 3653 1633 3712 iu
1649 3655 1724 3715 10010
1747 3653 1886 3732 tradidit;

239 3742 244 3750 ’
368 3751 468 3818 natus,
492 3743 681 3826 studiumque
701 3745 888 3819 hlatheseos,
908 3746 1099 3807 Mecharricae
1152 3742 1183 3802 in
1198 3742 1415 3803 mathematicis
1439 3743 1515 3802 adeo
1540 3757 1694 3818 versatus,
1710 3745 1886 3806 utNuntiua

367 3844 399 3896 et
423 3835 592 3914 cumprimis
618 3835 766 3917 Physicae
796 3837 1038 3916 experimentalis
1068 3838 1099 3898 in
1152 3831 1347 3912 Apostolicus
1360 3835 1387 3894 01
1408 3832 1586 3894 cathedram
1606 3835 1734 3900 Romae.
1753 3836 1886 3896 offerret.

368 3926 455 3988 terris
471 3926 638 3987 Austriaois
653 3927 778 3987 multum
793 3928 958 4007 promovit3
977 3947 1033 3988 nec
1047 3929 1098 3986 mi·
1152 3921 1195 3982 At
1225 3925 1271 3983 vir
1290 3922 1516 3985 demississimus
1541 3923 1683 4004 quidquid
1712 3925 1817 3984 honori
1838 3947 1887 3986 cs-

368 4037 425 4077 nus
440 4017 472 4076 in
486 4017 611 4078 historia
625 4026 657 4078 et
671 4037 705 4078 re
715 4018 980 4080 nummariaveteri
994 4037 1096 4079 versa·
1153 4014 1238 4074 deret
1263 4033 1380 4094 semper
1401 4013 1579 4093 deprecatus
1599 4017 1649 4094 pie
1674 4013 1792 4076 demum
1812 4016 1888 4076 obiit

367 4116 425 4180 tus,
436 4116 557 4186 praeter
568 4109 695 4186 patriam
705 4117 736 4169 et
750 4109 874 4168 latinam
888 4109 1020 4188 linguam
1035 4108 1096 4168 eal-
1153 4101 1332 4166 1001000123.
1342 4106 1421 4165 Nor.
1437 4100 1534 4167 1711.
1546 4113 1607 4166 001.
1622 4103 1676 4166 53.

367 4197 423 4258 1011
437 4206 594 4278 utramque
615 4219 764 4277 graecam,
780 4199 933 4274 turcicum,
961 4199 1100 4278 gallicam
1221 4193 1323 4256 Edidit
1337 4195 1443 4256 latine:

368 4297 399 4348 et
412 4287 553 4347 italicam.
577 4289 614 4348 In
635 4289 708 4349 ulios
730 4291 822 4350 comis
843 4299 875 4350 et
889 4291 1050 4364 beneficus,
1070 4290 1100 4349 in
1154 4285 1295 4346 Lustrum
1325 4287 1451 4364 primurn
1471 4283 1577 4345 Soron.
1598 4284 1774 4346 Archiducis
1794 4285 1887 4347 1000-

369 4397 403 4438 00
423 4375 552 4450 001000,
583 4399 651 4438 raro
672 4379 752 4440 ultra
775 4389 836 4440 1000
855 4379 945 4440 horas
966 4399 1100 4440 somnum
1198 4375 1260 4456 phi.
1276 4375 1450 4455 'Pyrnaviae
1466 4385 1530 4456 typ.
1546 4375 1642 4436 Acad.
1656 4373 1755 4438 1683.
1771 4375 1887 4436 Carmi-

368 4468 457 4548 cepit,
473 4469 613 4526 coenavit
627 4489 777 4550 nunqnam
800 4471 922 4550 010100
942 4471 1004 4531 fere
1024 4489 1099 4530 sem·
1198 4486 1235 4526 ne
1250 4465 1380 4526 heroico.

369 4577 424 4640 per
440 4556 597 4630 abstinuit,
628 4559 693 4637 ejus
716 4559 781 4619 loco
797 4567 874 4638 potu
889 4581 928 4621 ex
942 4561 1017 4620 labis
1035 4579 1099 4620 ara-
1154 4555 1343 4616 Ssrenissimi
1358 4613 1360 4618 ,
1373 4555 1499 4635 Josephi
1528 4556 1555 4616 I.
1586 4557 1679 4636 Regis
1712 4556 1888 4636 Apostolici

368 4649 439 4710 bicis
457 4656 542 4708 cocto
563 4647 617 4708 sed
637 4649 763 4708 multum
782 4648 877 4708 diluto
898 4671 980 4711 usus.
1011 4649 1098 4710 Gom·
1197 4646 1326 4706 lustrum
1340 4647 1401 4722 11.‚
1423 4667 1483 4728 qua
1501 4667 1576 4726 sago
1598 4667 1658 4728 qua
1679 4655 1751 4726 toga
1766 4647 1838 4707 felix
1855 4657 1887 4707 et

366 4741 458 4800 missa
473 4739 500 4800 ei
516 4740 640 4818 negotia
654 4749 773 4813 extera,
793 4748 827 4799 ut
842 4741 1053 4800 montanistica
1068 4749 1099 4800 et
1196 4733 1820 4804 fortunatum.viennae1688.8.curmine
1834 4739 1886 4798 he·

365 4849 569 4890 mensurarum
589 4838 620 4890 01
643 4828 809 4910 ponderum
819 4831 910 4909 jussu
925 4831 968 4890 M.
985 4829 1097 4890 There·
1198 4828 1289 4887 roico.

366 4922 429 4980 siae
445 4940 500 4999 per
515 4931 611 4981 terras
627 4920 803 4982 Austriacas
828 4921 961 5002 aequalis
982 4920 1097 4980 institu-
1152 4917 1289 4978 Fabulae
1320 4917 1458 4997 poeticae
1489 4917 1603 4998 Elegiis
1639 4918 1884 4999 comprehensae.

366 5011 417 5070 tio.
442 5011 578 5092 Denique
593 5013 713 5091 ipsimet
728 5032 747 5070 a
771 5011 911 5072 Consiliis
932 5012 980 5071 vir
1002 5029 1098 5092 aeque
1199 5008 1373 5088 Tyrnaviae
1390 5005 1490 5070 1693.

366 5100 471 5162 doctus
494 5110 525 5162 et
545 5102 657 5180 probus
690 5102 739 5183 pie
770 5103 844 5164 obiit
875 5102 1011 5164 Viennae
1045 5095 1097 5162 12.
1153 5097 1367 5178 Ephemerides
1388 5119 1495 5160 sacrae
1524 5119 1576 5162 seu
1596 5100 1667 5162 Divi
1687 5119 1743 5180 per
1773 5119 1885 5162 annum
