4118 5960
752 377 971 444 ...43..

110 545 257 608 Sacerdos
273 543 440 606 Saecularis
461 563 516 625 per
533 541 572 606 11
595 563 688 604 anuos
709 543 740 605 in
763 564 835 606 cura
886 545 1004 625 nepotis
1018 543 1250 604 Eminentissimi
1269 541 1497 624 Archiepiscopi
1521 539 1610 602 Visn-

110 639 273 698 animarnm
304 635 452 696 laboravit
487 635 581 694 Lincii
606 644 651 694 et·
676 635 705 694 in
743 637 832 697 Ried.
886 636 995 709 nansia
1009 655 1044 694 ac
1059 634 1225 694 Canonicus
1234 635 1300 713 jam
1312 643 1374 694 tum
1395 631 1611 704 Olomncensis,

109 731 200 788 Anno
219 721 313 790 1838.
330 733 467 804 receptus
483 734 530 787 est
547 725 579 784 in
592 723 772 786 Societatem
803 736 834 788 et
887 744 974 809 quem
995 725 1224 786 etiamtriennio
1241 743 1450 804 permagnam
1470 725 1612 801 Europae

109 826 230 897 peracto
247 816 365 878 Graeeii
373 817 519 896 tyrocinio
535 824 565 876 ct
578 817 712 895 repetitis
720 814 833 877 Studiis
888 826 1006 897 partem
1025 815 1211 875 itinerantem
1233 816 1390 875 comitatus
1407 823 1462 873 est.
1484 811 1610 873 Sublato

110 929 163 988 per
178 909 290 988 aliquot
306 905 652 966 aunosConciouatorem
664 906 725 984 egit
740 905 833 968 Grae·
890 904 1002 967 Ordine
1011 905 1048 965 ob
1065 906 1202 965 eximium
1209 905 1325 966 dicernli
1340 905 1513 983 donumper
1529 902 1609 977 Qua·

110 1000 156 1072 cii,
171 997 267 1058 Lincii
282 1006 313 1057 et
327 996 452 1076 Leopoli
467 998 498 1056 in
514 993 643 1069 Galicia,
660 997 835 1076 quomissus
890 995 1087 1076 dragesimam
1108 1015 1208 1054 coram
1227 993 1450 1073 Angustissima
1476 994 1608 1072 Impera-

108 1089 205 1149 fuerat
228 1087 266 1148 sd
281 1086 478 1167 supplendum
499 1085 746 1146 Conciouatorem
769 1107 835 1166 ger·
889 1087 962 1148 trice
978 1095 1025 1148 est
1040 1087 1239 1158 concionatus,
1263 1093 1294 1145 et
1307 1085 1505 1144 Beneficiatus
1523 1083 1562 1144 ad
1577 1082 1608 1142 S.

108 1179 266 1238 monicum.
283 1179 432 1256 Tempore
449 1177 642 1256 dispersionis
655 1175 836 1239 Provinciae
888 1177 972 1237 Petri
1002 1197 1107 1237 munus
1135 1175 1273 1235 ordinarii
1298 1173 1522 1234 concionatoris
1550 1193 1607 1252 per

108 1269 285 1328 Austriacae
296 1288 344 1328 an.
364 1262 458 1329 1848.
474 1266 614 1347 migravit
625 1267 654 1328 in
666 1266 795 1328 Galliam
805 1275 836 1328 et
889 1265 992 1347 plures
1022 1287 1116 1327 annos
1146 1267 1273 1325 maximo
1304 1271 1366 1324 tum
1404 1265 1513 1344 plausu
1547 1273 1610 1322 tum

109 1379 213 1418 curam
235 1357 453 1418 Germanorum
479 1356 603 1417 Parisiis
630 1367 661 1418 et
683 1357 830 1436 Argento·
888 1359 986 1418 fructu
1001 1368 1047 1419 est
1067 1367 1259 1438 prosecutus,
1283 1355 1406 1415 dumah
1429 1355 1610 1434 imperatore

109 1450 166 1508 rati
206 1448 322 1508 habuit.
365 1447 502 1507 Transiit
536 1457 643 1527 postea
673 1465 734 1528 qna
760 1448 830 1507 Mis-
885 1448 1023 1527 Josepho
1054 1448 1097 1506 11.
1124 1446 1272 1506 Perochia
1289 1445 1385 1505 aulica
1404 1445 1527 1504 Patruus
1546 1444 1608 1502 Au-

108 1539 256 1599 sionarius
276 1539 308 1598 in
335 1537 565 1618 Westphaliam,
586 1537 679 1598 donee
703 1533 830 1600 185116
884 1539 1121 1618 gustinianorum
1141 1537 1169 1597 si
1192 1536 1432 1596 committeretur.
1458 1534 1501 1594 Aa
1525 1534 1610 1594 brevi

109 1629 256 1690 Galiciam
282 1628 424 1688 reuussus
455 1627 551 1688 denuo
566 1627 692 1710 Leopoli
722 1647 830 1688 munus
881 1617 995 1689 ¹novum
1014 1649 1089 1689 onus
1114 1626 1278 1687 Directoris
1293 1625 1427 1686 Instituti
1443 1643 1609 1705 pauperum

109 1718 338 1780 Concionatoris
353 1717 385 1777 iu
400 1738 433 1778 se
449 1719 591 1800 suscepit.
883 1720 914 1779 in
937 1718 1020 1780 Urbe
1040 1739 1100 1779 non
1115 1715 1211 1777 solum
1227 1715 1281 1776 sed
1300 1724 1331 1776 et
1352 1716 1499 1776 suburbiis
1522 1715 1549 1774 ei
1563 1714 1607 1774 in·

177 1809 305 1888 Scripsit
326 1807 509 1886 germanice:
885 1829 976 1890 super
1004 1808 1203 1870 concreditum
1227 1815 1288 1881 est,
1312 1805 1391 1887 quod
1419 1804 1458 1866 ad
1484 1813 1609 1864 mortem

109 1899 183 1960 Vita
197 1899 233 1957 Β.
248 1898 405 1958 Francisci
420 1897 457 1957 de
479 1896 672 1980 Hieronymo.
697 1899 828 1961 Graecii.
884 1919 980 1980 usque
1005 1920 1118 1959 summa
1145 1898 1274 1957 omnium
1294 1897 1496 1956 satisfactione
1523 1896 1608 1954 susti-

156 1985 251 2051 1841.
276 1983 306 2050 8.
884 1992 958 2064 nuit,
981 1991 1012 2049 in
1026 1989 1191 2070 praemium
1206 1988 1342 2048 laborum
1365 1985 1635 2047 0611οηί61636--

885 2080 994 2141 clasiae
1033 2079 1286 2161 Metropolitanus
1332 2097 1410 2137 anuo
1457 2085 1608 2155 postremo

153 2151 254 2214 mo
269 2149 403 2223 Dfflfflr
419 2149 526 2225 lima
541 2153 683 2231 Telgfflii
700 2151 832 2212 11171114
885 2180 955 2232 ante
974 2181 1099 2230 mortem
1118 2170 1301 2242 nominatus,
1324 2187 1413 2249 quam
1432 2165 1609 2247 deploratus

106 2239 160 2302 24.
175 2242 264 2301 Mart.
283 2238 379 2304 1612.
395 2251 484 2301 natus
501 2251 532 2302 et
547 2253 607 2302 aet.
625 2240 678 2304 29.
696 2241 831 2302 Societa-
885 2261 923 2322 οι,
943 2258 1272 2340 insignemfwunffiam
1286 2266 1317 2318 et
1336 2278 1450 2317 morum
1476 2256 1608 2316 suavita.

106 2333 131 2390 ti
147 2333 178 2391 in
193 2332 352 2411 provincia
365 2330 529 2392 Austriaca
549 2332 729 2412 adscriptus,
744 2333 831 2392 Ethi-
884 2363 945 2414 pom
965 2351 1003 2412 ab
1024 2350 1102 2411 omni
1127 2359 1207 2410 statu
1226 2349 1315 2410 subiit
1336 2345 1389 2410 30,
1412 2345 1484 2408 Jnn,
1512 2343 1609 2408 1799.

107 2443 171 2480 cam
187 2421 381 2482 christianam
396 2419 525 2482 diversis
548 2423 581 2481 in
595 2422 668 2482 locis
687 2421 728 2484 12
746 2425 831 2484 annis
885 2453 943 2505 aet,
968 2438 1021 2504 65,
1049 2441 1115 2500 Etsi
1136 2459 1208 2500 vero
1232 2459 1332 2500 omnes
1353 2440 1417 2518 ejus
1441 2437 1608 2498 conciones

107 2511 219 2584 docuit,
235 2522 266 2572 et
283 2531 337 2572 sex
352 2513 439 2571 annis
461 2513 607 2584 Viennae,
640 2511 776 2574 Goritiae
799 2524 831 2575 st
884 2533 966 2614 typis
989 2532 1116 2611 imprimi
1139 2539 1241 2591 essent
1260 2530 1396 2602 meritae,
1424 2528 1523 2589 editae
1543 2536 1608 2587 tan.

106 2601 247 2662 Flumine
263 2601 299 2661 ad
315 2601 411 2662 Italos
432 2611 479 2663 est
500 2603 709 2676 concionatus,
733 2605 762 2662 in
787 2605 830 2664 in·
885 2634 948 2684 tum
964 2631 1033 2684 sunt
1048 2629 1220 2703 sequentes:

107 2691 310 2752 tricatissimis
324 2694 524 2753 conscientiae
538 2693 655 2754 casibus
669 2695 833 2768 consultus,
887 2715 991 2777 sermo
1007 2711 1217 2773 eucharistion,
1233 2710 1272 2771 01,
1287 2711 1455 2771 restitum
1474 2709 1516 2769 Μ,
1529 2708 1608 2768 The.

106 2783 213 2862 virque
245 2783 488 2862 religiosissimus
524 2784 601 2845 Obiit
632 2783 770 2846 Gol'ihiffl
802 2783 832 2847 7·
931 2805 1028 2864 regiae
1038 2802 1194 2881 Augustae
1209 2801 1409 2862 valetudinem
1422 2819 1522 2860 coram
1532 2797 1608 2859 Can.

105 2873 181 2952 Apr·
201 2869 296 2935 1691·
314 2883 373 2934 ³⁰1·
391 2871 443 2935 79·
932 2894 1055 2954 cellaria
1070 2893 1167 2952 aulica
1182 2891 1422 2971 'Ihausylvanica
1436 2890 1555 2950 habitus
1571 2887 1609 2948 ad

105 2961 245 3022 Vertite
265 2963 361 3023 latino
384 2963 553 3024 Hermanni
576 2965 673 3024 Horat
693 2962 726 3024 S.
749 2963 781 3024 J.
803 2966 833 3024 in
933 2985 964 3044 s·
981 2984 1073 3044 petri,
1088 2983 1224 3043 viennae
1240 2979 1381 3042 schulzin
1398 2979 1493 3043 1767.
1510 2977 1541 3041 4.

152 3052 302 3110 114110111ῐῦ
888 3076 992 3137 Sermo
1016 3073 1054 3134 de
1079 3071 1111 3133 S.
1135 3073 1259 3132 Kiliano
1279 3073 1317 3132 E.
1344 3080 1374 3130 et
1393 3071 1435 3130 M.
1460 3069 1608 3149 Apostolo

107 3141 247 3201 Virtutes
277 3141 385 3202 Annae
414 3143 586 3204 Eleonorae
616 3144 832 3224 Imperatricis,
929 3161 1608 3226 pranmmmhabitu,,dsnomthgffivjeffi

152 3231 389 3292 PerdinandiH.
407 3229 564 3312 Oonjugis.
581 3235 716 3296 Viennae
734 3231 831 3298 1636.
931 3276 989 3316 Μ,
1005 3257 1149 3316 'ratmot
1166 3227 1262 3315 1768,
1277 3251 1308 3315 4,

154 3318 227 3426 {23
260 3412 267 3425 ι
887 3345 992 3407 Sermo
1009 3344 1046 3406 de
1069 3344 1101 3404 S.
1122 3344 1241 3404 Joanue
1261 3344 1388 3423 Nepom.
1413 3362 1513 3402 coram
1533 3342 1609 3403 Cau·

107 3411 243 3516 Requurt
258 3412 374 3473 mMsc.
388 3413 567 3474 Tractatum
576 3414 613 3476 de
629 3415 749 3476 Malitia
764 3436 832 3498 pec·
933 3437 1057 3497 collari,
1070 3434 1180 3495 Aulin,
1194 3435 1304 3494 bellica
1318 3433 1400 3513 „pud
1420 3433 1483 3493 ΡΡ,
1507 3433 1609 3512 Augu.

151 3511 212 3562 aa
228 3501 357 3562 vassus
373 3503 478 3582 praelo
499 3504 717 3584 dignissimum·
932 3527 1087 3586 cainaeos.
1125 3524 1260 3586 vianae
1294 3524 1406 3584 soma
1447 3521 1541 3585 1769.
1578 3521 1609 3584 4.

928 3616 968 3677 ib.
988 3611 1083 3678 1775.

443 3659 514 3712 (Μ’
528 3667 547 3702 ‘⁸
560 3664 638 3713 m
650 3663 711 3703 ΡΜ
724 3666 803 3718 Μ’)
885 3705 989 3768 Sermo
1006 3707 1034 3766 in
1050 3707 1125 3766 festo
1142 3714 1257 3786 septem
1272 3704 1419 3764 Dolorum
1433 3705 1469 3764 B.
1491 3705 1528 3764 V.
1544 3705 1608 3764 Ma-

149 3791 829 3872 camumavsmsrrans,1²rcgcsgrac-
928 3799 990 3858 riae
1028 3796 1148 3856 habitus
1179 3797 1210 3856 in
1241 3794 1376 3874 Collegio
1411 3795 1607 3855 'l‘heresiano

105 3891 208 3940 camet
225 3880 393 3940 hebraicam
403 3881 536 3959 linguam
543 3881 677 3956 tradidit,
686 3893 716 3944 et
732 3884 764 3943 in
780 3903 828 3943 ea·
927 3888 1063 3948 Viennae
1078 3887 1221 3946 Trattuer
1238 3881 1334 3947 1770.
1349 3881 1381 3946 4.

105 3969 170 4029 dem
187 3969 262 4030 urbe
278 3971 393 4049 ingenti
410 3973 540 4030 omnium
553 3972 638 4032 luctu
657 3981 744 4054 peste
761 3974 829 4034 sub·
885 3975 989 4039 Sermo
1005 3977 1043 4037 de
1059 3974 1157 4036 Corde
1171 3975 1207 4035 B.
1223 3975 1262 4035 V.
1282 3975 1396 4034 Mariae
1412 3973 1530 4033 habitus
1551 3972 1604 4033 ibi·

104 4059 185 4120 latus
199 4058 354 4134 6611583,
371 4061 541 4141 linguarum
555 4062 617 4122 fere
633 4065 763 4124 omnium
780 4084 830 4124 eu·
929 4067 1005 4130 dem.
1031 4067 1168 4127 Viennae
1187 4067 1331 4126 Trattner
1355 4060 1450 4127 1770.
1474 4061 1507 4125 4.
1530 4072 1609 4123 uter-

105 4170 284 4231 ropaearum
313 4171 441 4230 gnarus,
476 4163 508 4212 et
545 4153 631 4213 vitae
668 4155 830 4234 religiosae
930 4178 986 4239 que
1001 4165 1123 4237 petente
1138 4155 1239 4216 Nobili
1254 4153 1420 4216 Juventute
1436 4153 1541 4215 editus.

104 4241 269 4321 exemplar.
307 4241 443 4322 Reliquit
472 4243 567 4304 multa
597 4244 711 4326 scripta
741 4265 830 4306 manu
885 4248 1051 4310 Concioues
1077 4247 1155 4306 Tres
1192 4245 1229 4305 de
1259 4246 1401 4306 Instituto
1437 4244 1609 4325 Pauper-um

104 4332 228 4412 propria
243 4343 380 4393 exarata.
929 4335 1168 4397 neo-introducto
1189 4335 1377 4415 parochianis
1402 4337 1463 4396 suis
1490 4336 1609 4416 praela-

441 4454 514 4506 (oaa
527 4459 547 4494 a
560 4455 639 4506 sarpa
652 4456 712 4496 a...
725 4459 805 4512 7....)
929 4438 988 4488 166.
1012 4427 1147 4488 Viennam
1163 4426 1325 4487 Kurabeclr
1343 4423 1439 4490 1783.
1455 4424 1486 4488 4.

151 4601 286 4665 1111141.
311 4601 487 4675 Josuraus,
512 4601 690 4678 Germanus,
711 4603 830 4666 Graecii
965 4549 1081 4603 (senar...
1096 4555 1193 4589 nean..
1207 4549 1323 4600 mm
1341 4549 1398 4590 ⁰⁶⁸¹*
1411 4550 1461 4588 Μ’·
1479 4547 1564 4602 (Μ’)

107 4689 137 4748 in
155 4691 257 4770 Scyria
273 4691 302 4754 9.
319 4693 420 4753 Martii
438 4689 524 4754 1734
540 4694 633 4755 nobili
653 4715 764 4774 genere
777 4717 829 4756 ua·
928 4698 1157 4762 curamus
1180 4698 1363 4770 maccam,
1386 4697 1533 4768 Polouus,
1555 4715 1606 4753 na-

103 4791 161 4853 tus,
195 4790 252 4841 act.
277 4779 326 4842 15.
346 4785 377 4844 in
399 4783 579 4844 Societatem
598 4795 737 4865 receptus
753 4785 829 4848 614
883 4799 931 4850 tus
956 4785 1054 4862 1574,
1079 4787 1259 4850 Societatem
1280 4788 1351 4847 adiit
1373 4783 1468 4858 1592,
1487 4785 1607 4844 Bruma

102 4879 176 4930 vota
212 4873 376 4950 professus,
409 4874 554 4935 absolutis
589 4876 726 4937 Viennae
762 4899 827 4938 cum
881 4881 911 4939 in
941 4879 1101 4940 Provincia
1130 4879 1304 4951 Austriaca,
1333 4885 1363 4936 et
1392 4875 1607 4954 Philosophiae

101 4961 192 5021 laude
209 4963 407 5023 severioribus
423 4963 535 5039 studiis,
560 4965 590 5025 iu
605 4966 741 5046 Collegio
762 4969 823 5028 No·
880 4971 995 5030 Doctor
1011 4979 1128 5029 creatus
1150 4967 1267 5028 Graecii
1285 4965 1380 5039 1614,
1396 4965 1532 5025 Ethicam
1555 4965 1605 5024 do·

101 5051 203 5111 bilium
233 5052 418 5113 Thereaiauo
448 5055 583 5116 Vrermae
615 5057 823 5132 concionator,
878 5062 946 5132 cuit,
964 5059 1082 5120 Graecii
1100 5071 1130 5121 et
1146 5057 1603 5120 Viennaehumanioribusscho·

100 5151 131 5200 ot
152 5141 326 5205 Praefectus
342 5144 463 5224 juvenis
484 5145 608 5207 Comitis
633 5148 669 5208 de
687 5149 823 5228 hligazai,
878 5151 914 5212 lis
936 5151 1076 5232 praefuit,
1113 5159 1143 5210 et
1169 5148 1355 5208 felicissimae
1383 5167 1481 5208 venae
1511 5156 1604 5229 poeta
