3990 5950
1046 295 1287 362 -124-

382 477 385 482 ·
413 450 518 516 Oratio
534 455 664 520 funebris
680 456 837 540 Leopolclo
854 457 880 518 l.
895 459 983 520 Rom.
992 459 1067 544 Imp.
1075 462 1133 522 vir·
1190 460 1363 544 Disputatio
1370 458 1408 522 de
1423 459 1508 538 Fide,
1515 462 1626 526 vincte
1632 462 1802 546 tbsolop'co.
1814 467 1895 532 Grae·

457 547 588 623 tutibus,
618 549 743 624 meritis,
769 548 919 624 victoriis,
951 551 1018 630 ipso
1050 551 1135 614 obitu
1236 552 1273 613 cii
1291 547 1389 618 1588.
1404 547 1437 612 4.

457 635 568 716 Magno
585 637 623 698 ad
637 639 792 720 Erequiaa
807 639 953 702 solemnes
969 661 987 702 a
1002 641 1091 704 Caes.
1106 653 1137 704 et
1674 637 1735 694 (211·
1748 641 1800 682 ⁰¹⁵·
1813 645 1875 698 11’1)

456 725 552 788 Acad.
569 727 602 790 S.
618 728 651 790 J.
668 729 806 810 collegio
823 730 987 794 celebratas
1004 731 1083 796 dicta
1106 743 1137 796 et

456 817 612 896 impressa.
633 819 770 882 Viennae
798 819 850 884 do.
871 821 907 881 B.
931 821 1136 886 Schiinrretter
1232 819 1448 886 mnu
1470 819 1631 898 «loannes,
1657 823 1755 886 Banu.
1788 827 1898 889 Germa·

458 903 554 970 1705.
570 909 619 968 fol
1189 931 1255 986 nus,
1271 909 1406 972 Viennae
1421 909 1563 974 Austriae
1581 911 1633 976 16.
1649 915 1723 993 Maji
1742 913 1831 980 1742.
1851 940 1895 979 na-

413 993 519 1057 Oratio
535 998 667 1060 funebris
683 999 820 1080 Josepbo
837 1003 863 1062 1.
879 1003 966 1064 Rom.
982 1003 1059 1084 Imp.
1076 1025 1136 1066 una
1189 1009 1247 1074 tus,
1270 1010 1301 1060 at
1317 1009 1374 1062 aet.
1394 997 1445 1064 15.
1470 1001 1651 1068 Societatem
1671 1006 1832 1086 ingressus,
1853 1009 1898 1068 ab·

455 1107 521 1148 cum
539 1099 686 1170 apparatu
700 1091 825 1154 funebri.
845 1089 941 1158 1711.
1190 1091 1297 1154 solutis
1320 1091 1425 1152 studiis
1446 1094 1535 1153 tertio
1560 1093 1706 1174 probatus
1735 1097 1841 1160 Labaci
1855 1121 1896 1159 sn.

410 1176 521 1238 Ethica
535 1181 685 1240 naturalis
701 1202 755 1242 seu
771 1181 958 1244 Documenta
977 1186 1135 1248 moralias
1191 1179 1288 1246 1773.
1313 1181 1434 1244 Possim
1459 1181 1574 1256 docuit,
1611 1185 1641 1246 in
1678 1205 1736 1268 qua
1760 1189 1896 1261 excelluit,

452 1269 543 1330 variis
560 1291 660 1332 rerum
684 1271 865 1334 naturalium
888 1275 1134 1356 proprietatibus,
1186 1273 1347 1354 pluresque
1363 1274 1519 1336 occasione
1535 1273 1606 1336 data
1622 1273 1704 1338 Odss
1725 1277 1822 1358 lingua
1839 1299 1897 1358 ger-

407 1393 416 1416 .
456 1360 601 1422 virtutum
625 1362 821 1445 vitiorumque
845 1364 1017 1444 symbolicis
1036 1367 1138 1448 imagi-
1193 1363 1309 1426 manica
1324 1361 1429 1440 edidit,
1453 1374 1585 1426 mortuus
1601 1365 1747 1428 Viennae.

454 1448 542 1512 nibus
574 1450 702 1513 collecta
732 1461 763 1514 et
788 1453 936 1516 iconismis
967 1455 1137 1538 Christopb.
1260 1453 1337 1516 Sunt
1353 1453 1435 1532 ejus:

326 1558 328 1564 ·
455 1539 594 1622 Weigelii
611 1552 727 1602 ornata.
743 1543 960 1626 Norimbergae
976 1543 1008 1608 4.
1192 1541 1301 1604 Obitus
1318 1543 1476 1623 Josepbae
1492 1545 1629 1606 Bararae
1646 1543 1774 1626 Josepbi
1793 1547 1832 1608 ll.
1856 1569 1896 1608 ss-

407 1629 635 1712 Epigrammata
655 1633 685 1694 in
706 1633 827 1695 Veteris
855 1635 994 1718 Novique
1024 1637 1132 1698 'l'esta-
1235 1631 1755 1714 cundaeConjngis.Labaci1'llil.
1774 1635 1803 1699 8.

450 1721 542 1782 menti
557 1723 706 1798 historias,
718 1745 795 1806 quae
811 1725 911 1786 incisis
920 1727 1042 1806 scalpro
1058 1729 1131 1790 ima·
1188 1723 1505 1806 TransitusLeopoldi
1522 1727 1623 1804 Magni
1642 1727 1738 1792 Ducis
1749 1728 1900 1790 Hetruriae

450 1812 568 1890 ginibus
576 1814 703 1892 subjecit
710 1823 741 1874 et
750 1813 842 1874 edidit
856 1827 1037 1878 memoratus
1049 1819 1130 1880 Wei-
1231 1835 1286 1896 per
1302 1815 1445 1895 Styriam.
1463 1815 1583 1878 Graecii
1600 1815 1698 1882 1769.

451 1903 556 1981 gelius.
584 1905 705 1964 Bscusa
729 1907 758 1964 in
784 1905 939 1967 Analectis
964 1909 1001 1968 P.
1025 1909 1129 1970 Klein.
1185 1904 1342 1986 «Iosephus
1358 1905 1401 1966 II.
1418 1905 1533 1968 Labaci
1552 1904 1649 1970 1773.
1668 1905 1700 1970 8.

357 1999 363 2010 ’
452 1992 588 2054 Viennae
607 1991 702 2056 1757.
723 2005 756 2055 ut
776 2005 807 2056 et
826 1997 1010 2076 praecedens
1033 1997 1130 2080 Opus.
1184 1995 1222 2056 In
1238 1995 1352 2056 obitum
1367 1995 1497 2078 Josephi
1518 1997 1670 2080 Leopoldi
1692 1995 1777 2059 (lom.
1798 1997 1833 2059 de
1851 1997 1901 2059 Pe·

408 2081 518 2143 Ethioa
536 2085 713 2164 symbolica.
738 2085 882 2166 Symbola
901 2087 977 2153 haee
997 2111 1015 2150 a
1036 2090 1131 2154 Patre
1231 2087 1310 2148 tanai
1330 2085 1476 2168 Episcopi
1491 2087 1689 2150 Labsceusis.
1708 2085 1803 2152 1773.
1820 2085 1848 2150 8.

450 2174 768 2238 Antemnatium
783 2178 868 2256 operi
884 2177 1001 2240 cuidam
1016 2202 1072 2242 suo
1088 2183 1131 2244 in..
1184 2175 1235 2238 Ad
1251 2175 1393 2238 Carolum
1409 2173 1494 2238 Com.
1514 2176 1719 2240 Herberstein
1739 2179 1898 2260 Episcopo·

451 2273 532 2324 serta
547 2267 637 2326 tacito
654 2267 766 2328 sutoris
788 2269 920 2344 nomine,
944 2291 963 2330 a
982 2271 1019 2332 Ρ.
1039 2273 1131 2334 Klein
1230 2277 1294 2328 tum
1310 2267 1519 2330 Lebacsnscrn
1534 2267 1773 2350 adgredientcm.
1794 2269 1899 2330 Labaci

451 2355 482 2414 in
498 2353 583 2416 dictis
599 2356 755 2418 Analectis
770 2368 894 2438 recepta
909 2351 998 2422 111111.Ι
1233 2355 1331 2422 1773.
1350 2355 1382 2420 8.

405 2444 538 2528 Reliquit
558 2447 650 2508 etiam
670 2447 811 2528 copiosa,
834 2469 930 2530 eaque
953 2453 1130 2530 praeclaris-
1185 2445 1344 2508 Possessio
1380 2447 1530 2510 Poloniae
1567 2447 1764 2510 Austriaoae.
1795 2447 1899 2510 Labaci

452 2537 528 2596 sima
543 2535 662 2616 Scripta
676 2538 901 2612 Mathematici,
913 2551 951 2620 ⁸et
971 2542 1131 2622 elegantia·
1233 2535 1330 2601 1773-
1348 2535 1378 2600 8·

452 2627 529 2687 sima
543 2625 773 2707 Epigrammata
786 2629 852 2692 luce
867 2629 1052 2710 dignissima.
1185 2629 1260 2692 Dies
1277 2629 1376 2710 aperti
1393 2648 1412 2688 a
1426 2627 1566 2710 Josepbo
1586 2629 1631 2690 11.
1651 2629 1735 2692 horti
1756 2629 1827 2690 dicti
1845 2627 1900 2688 Ao·

968 2779 972 2790 ,
1231 2729 1349 2799 garten.
1373 2719 1510 2780 Viennae
1528 2716 1626 2782 1775.

405 2799 547 2854 (remu...
559 2804 609 2844 ΙΝ·
622 2804 763 2846 o.o.om..
786 2805 844 2846 Μ·
858 2813 877 2847 ‘¹
891 2807 1041 2860 ΜΜΜ·
1054 2811 1134 2864 Mo)
1188 2809 1238 2872 Ad
1266 2809 1409 2889 Magnam
1438 2809 1632 2872 Defunctum.
1650 2805 1708 2898 (M.
1735 2810 1901 2872 Therasiam

1232 2899 1326 2980 Aug.)
1349 2899 1485 2961 Viennae
1503 2897 1600 2964 1780.
1617 2897 1649 2964 8.
1677 2898 1775 2964 1781.
1792 2897 1823 2964 4.

448 2986 673 3053 1111175111·
696 2990 937 3068 Faunrsssnns,
957 2993 1134 3074 ilungaros,
1186 2991 1351 3054 Instructio
1371 2990 1557 3054 catechetica
1576 3012 1632 3073 pro
1654 2991 1778 3054 Autoro
1799 2991 1835 3052 de
1855 2989 1899 3050 Se·

404 3075 540 3136 Neosolii
556 3075 587 3140 3.
605 3080 685 3140 Nor.
705 3079 803 3146 1682.
824 3093 921 3161 natus,
952 3083 1133 3146 Societatem
1231 3082 1361 3164 pulturis
1378 3101 1397 3142 a
1416 3083 1481 3144 viro
1504 3082 1568 3143 siue
1588 3093 1815 3166 praeconcepto
1830 3079 1901 3162 judi·

405 3165 559 3244 ingressus
575 3181 635 3229 aet.
654 3167 705 3232 15.
719 3181 750 3232 st
765 3169 1130 3256 4votaprofsssos‚'1¹5r·
1231 3173 1285 3234 cio.
1302 3171 1425 3252 Satyra.
1441 3172 1578 3234 Viennae
1596 3169 1696 3236 1782.

403 3257 512 3318 uariae
542 3257 671 3334 Rhetor,
694 3261 800 3324 Socios
830 3265 968 3345 Magistri
991 3267 1127 3342 Novitio·
1184 3263 1221 3324 In
1236 3261 1361 3324 Obitum
1376 3262 1524 3344 Leopoldi
1539 3261 1582 3324 11.
1599 3263 1752 3326 Viennae.
1770 3259 1863 3328 1782.

406 3365 473 3406 rum
494 3347 677 3424 Trencbinii,
701 3351 912 3430 concionator,
933 3365 963 3418 et
990 3376 1045 3436 per
1065 3376 1126 3416 om·
1181 3353 1232 3416 Ad
1247 3352 1406 3414 Austriarn
1421 3353 1509 3416 indie
1525 3352 1666 3416 solemnis
1676 3353 1900 3434 homagiiFran·
1939 3427 1943 3442 ι

403 3455 473 3498 uem
487 3437 581 3498 vitam
601 3449 740 3502 strenuus
761 3464 928 3526 pauperum
949 3447 1128 3526 praesertim
1227 3445 1305 3506 cisoo
1327 3442 1370 3504 11.
1386 3443 1537 3524 praestiti.
1559 3441 1637 3509 Ibid.
1655 3443 1726 3506 eod.

384 3603 386 3608 ι
406 3523 583 3606 Operarius,
599 3531 706 3612 quibus
722 3543 753 3596 et
767 3545 852 3614 peste
866 3537 982 3598 iniectis
1002 3536 1128 3612 adstitit,
1182 3533 1311 3616 Scripsit
1331 3533 1422 3596 etiam
1437 3532 1477 3595 ab
1497 3554 1577 3594 anno
1600 3531 1701 3597 1775.
1724 3555 1781 3619 per
1801 3533 1898 3596 decen-

404 3616 558 3696 rigidusin
575 3622 743 3702 sepiissime
760 3626 834 3688 obiit
848 3626 879 3687 in
894 3627 982 3690 Valle
997 3627 1127 3694 domino-
1227 3625 1309 3686 nium
1334 3644 1402 3684 cum
1421 3623 1558 3686 Antonio
1579 3625 1786 3706 Reuaenberg
1821 3625 1902 3684 Nora

404 3727 486 3782 rum,
513 3709 683 3774 innocentia
712 3715 807 3794 prima
821 3717 933 3780 tumulo
964 3717 1057 3792 illata,
1073 3715 1127 3782 20.
1227 3715 1323 3778 latina
1350 3713 1486 3778 Viennae
1511 3713 1593 3776 edita
1618 3726 1650 3775 et
1678 3717 1719 3778 ob
1745 3717 1902 3798 puritatem

402 3797 482 3859 Nor.
502 3795 598 3864 1718.
614 3813 674 3864 aet.
691 3803 745 3868 36.
1226 3805 1312 3868 latini
1328 3805 1477 3866 sermonis
1494 3805 1720 3868 commendata.

469 3889 570 3952 10111011
583 3892 692 3956 latine:
1599 3926 1664 3980 (m
1678 3925 1881 3979 mmm)

403 3977 497 4039 Sacra
512 3981 686 4061 Tyrnaviae
701 3986 866 4048 Academia
880 4009 934 4050 seu
959 3989 1031 4050 Diri
1050 3991 1123 4052 Uni·

446 4071 596 4134 versitatis
622 4075 838 4155 'I'yrnavieusis
859 4080 981 4142 Patroni
1003 4084 1123 4144 memori
1236 4061 1453 4144 Effldssl
1481 4073 1684 4150 STBPHANW,
1721 4075 1903 4155 Hungfflfli

447 4179 590 4225 camoena
605 4165 758 4228 celebrati.
775 4168 1057 4250 Tyrusriael't'Ol.
1071 4171 1122 4236 12.
1178 4169 1322 4232 Harsanii
1337 4168 1367 4228 in
1384 4166 1537 4228 Comitatu
1553 4165 1754 4228 Borsoclicnsi
1769 4163 1800 4228 2.
1817 4164 1902 4226 Febr.

402 4249 919 4340 VindiciaeMariananelantispro
934 4261 1123 4324 honoreVrr-
1184 4257 1406 4332 1747111111,
1434 4267 1466 4319 et
1491 4265 1552 4317 aet.
1575 4254 1627 4318 16.
1650 4255 1843 4318 Societatem
1863 4257 1900 4314 in·

445 4341 523 4418 ginis
538 4341 598 4405 Dei
613 4345 720 4409 Matris
736 4349 917 4432 Mariopbili.
932 4342 1010 4416 Ibid.
1029 4349 1127 4417 1713.
1180 4371 1317 4431 gressus,
1341 4347 1516 4426 Theologus
1537 4345 1625 4428 primi
1651 4348 1726 4406 anni
1755 4345 1825 4408 dum
1850 4345 1903 4406 sol·

448 4427 500 4494 12·
1181 4450 1304 4504 veretur
1330 4439 1481 4512 Societas,
1509 4433 1549 4496 ad
1569 4435 1717 4500 Ordinem
1742 4437 1903 4499 Prasmon·

626 4559 698 4611 (1....
712 4563 823 4614 μή..
837 4567 899 4604 pm,
912 4565 978 4604 M„
991 4565 1103 4619 Ma)
1181 4531 1375 4594 stratensinm
1399 4529 1432 4590 in
1456 4527 1678 4610 Praepositura
1712 4525 1746 4589 S.
1779 4527 1902 4589 Joannis

1180 4623 1218 4684 de
1234 4619 1471 4694 Pentetrabsiit,
1487 4627 1518 4680 et
1533 4619 1589 4680 bac
1605 4639 1731 4701 quoque
1750 4617 1848 4682 1785.
1859 4639 1901 4678 so-

442 4703 649 4772 mm!
671 4711 872 4786 Lonovrcos,
903 4711 1123 4788 Germanus,e
1181 4713 1260 4786 luta,
1281 4712 1415 4774 serviens
1439 4710 1557 4772 interea
1576 4709 1607 4770 in
1629 4728 1708 4770 cura
1731 4709 1901 4780 animarum,

397 4793 551 4871 Pf⁰Vl¹²⁰l⁸
565 4797 738 4863 4118111161.
1177 4803 1216 4866 ad
1231 4803 1315 4864 illam
1333 4798 1429 4864 1802.
1446 4823 1465 4860 a
1480 4799 1644 4862 Freacisco
1667 4799 1711 4860 Π.
1729 4803 1901 4862 restitutam

465 4883 561 4964 Cujus
575 4889 682 4952 latine:
1176 4894 1276 4967 rediit,
1300 4893 1432 4974 obiitque
1449 4889 1587 4953 Osoruae
1603 4888 1634 4953 3.
1650 4889 1738 4970 Aug.
1757 4889 1854 4976 1803.

289 5013 290 5020 1
397 4972 570 5054 Disputatio
606 4980 645 5041 de
679 4983 872 5044 Sacramemo
910 4985 1119 5046 Poeniteutiae
1241 4983 1300 5044 Eat
1315 4983 1381 5061 ejus
1396 4983 1576 5062 hungarico:

443 5063 563 5128 Grascii
580 5067 676 5134 1588.
692 5071 724 5136 4.
1174 5073 1323 5136 Funebria
1346 5073 1430 5134 dicta
1458 5071 1621 5136 Francisco
1652 5071 1778 5137 Xaver.
1810 5071 1846 5130 1..
1867 5069 1900 5129 B.
