4042 5950
1028 375 1275 439 -340-

435 555 468 602 ta
482 564 522 604 ex
537 541 671 602 Archiro
683 541 903 624 Episcopatus.
925 561 996 622 pag.
1015 539 1068 604 77.
1083 542 1124 600 lo·

435 635 485 693 lio.
502 635 541 693 ib.
553 655 582 693 ιι.
594 629 691 694 1598.

403 774 509 824 (em
523 771 757 822 marma-ar.
771 772 828 810 ι...
842 772 903 810 rm.
920 770 979 810 rrae
993 771 1050 810 sa.
1064 771 1100 810 a·

496 825 543 864 sn.
560 825 617 862 ms
631 825 722 876 wem)

436 973 583 1034 sume
612 971 797 1042 Asrosms,
829 968 1007 1040 Germanus,
1030 969 1126 1028 Lincii

390 1062 534 1122 Austriae
551 1059 626 1140 Sup.
644 1060 804 1138 metropoli
821 1057 851 1120 6.
867 1057 941 1117 Jan.
960 1057 1057 1120 1664.
1073 1081 1125 1118 na·

388 1163 447 1221 tus,
463 1163 494 1210 et
510 1161 571 1210 aet.
599 1147 650 1210 15.
668 1149 812 1208 Societati
827 1147 998 1226 adjunctus,
1013 1147 1036 1210 4
1051 1161 1126 1209 vota

389 1243 541 1321 professus
559 1239 812 1318 etl'hssosophiae
826 1239 1124 1318 acTheologiaeDo·

388 1343 455 1390 etor
470 1341 629 1408 utramque
646 1328 924 1406 Liueii,Zagrabine
941 1349 977 1387 ao
987 1330 1123 1388 Viennae

391 1421 526 1500 pluribus
548 1421 634 1478 annis
649 1418 759 1476 docuit.
778 1419 857 1476 lliuc
873 1419 905 1475 in
922 1417 1031 1476 Aulam
1062 1419 1123 1478 Lu·

390 1511 549 1570 sitauicam
565 1519 709 1568 evocatus
744 1507 810 1566 Ser.
827 1508 964 1585 Reginae
980 1509 1124 1569 Austriae

394 1598 554 1660 Archiduei
578 1619 596 1656 a
618 1600 712 1656 sacris
733 1597 867 1656 consiliis
883 1607 914 1656 et
930 1599 1123 1657 confessioni·

393 1691 448 1749 bns
470 1689 509 1748 ed
536 1698 662 1746 mortem
686 1707 781 1766 nsque
801 1687 865 1760 fnit,
887 1707 975 1765 quam
991 1689 1123 1766 piissime

390 1781 518 1860 oppetiit
529 1779 715 1858 Uyssipone
732 1774 982 1856 etseptttte.
999 1787 1058 1837 aet.
1068 1775 1121 1838 65.

458 1869 562 1928 Edidit
582 1867 689 1927 latine:

393 1960 499 2018 Oratio
517 1957 649 2018 funebris
665 1957 694 2016 in
711 1955 854 2036 Exequiis
871 1953 1060 2016 Perillustris
1079 1955 1120 2014 D.

435 2049 558 2107 Antonii
577 2046 688 2106 Adami
709 2043 859 2106 Patatich.

391 2133 1121 2216 ItemAngustissimislienibusLeopoldiI.Cou-

434 2229 500 2288 silio
517 2237 547 2286 et
560 2226 821 2303 Iudustriaidagui
827 2227 1047 2304 Panegyricus,
1055 2245 1122 2285 cum

434 2319 461 2378 ei
483 2317 651 2394 Collegium
672 2315 704 2374 S.
721 2314 754 2374 J.
772 2325 802 2372 et
818 2315 1010 2374 [niversitss
1027 2314 1122 2374 Grae·

433 2408 530 2466 censis
547 2413 734 2484 percuteret.
751 2404 826 2463 Cum
837 2404 1047 2482 Descriptione
1064 2403 1121 2463 Ca-

433 2498 487 2554 stri
508 2496 630 2566 doloris,
662 2505 692 2554 et
722 2492 970 2553 Emblematibus.
1002 2494 1122 2555 Graecii

433 2585 544 2644 Widm.
563 2581 661 2645 1705.
678 2581 710 2644 4.

385 2675 445 2736 Jus
461 2675 550 2754 Asyli
572 2673 1052 2749 historico-juridico·cauouieum.
1069 2673 1121 2734 vi-

431 2787 528 2826 ennae
545 2764 669 2843 Voigtin
687 2761 785 2824 1707.
801 2760 833 2824 4.

383 2857 602 2936 Propemticou
626 2854 842 2914 Serenissimse
864 2852 1026 2912 Archiduci
1056 2851 1119 2912 Au·

427 2947 519 3006 strise
536 2947 568 3004 iu
588 2945 775 3004 Lusitaniam
792 2942 915 3003 abeunti
932 2943 1119 3002 chronostiee

423 3037 567 3116 praefixis
598 3035 708 3094 litteris
723 3033 762 3092 A
783 3033 815 3094 S.
838 3033 974 3094 Viennae
992 3033 1120 3110 Voigtiu

425 3123 522 3187 1708.
539 3125 592 3184 iol.

403 3265 476 3316 (Gesta
489 3269 510 3302 ct
521 3263 600 3314 §cripte
616 3263 676 3302 l'm.
697 3263 764 3302 Aser.
779 3261 862 3312 Propria
875 3273 905 3298 u
918 3261 968 3299 1111.
982 3261 1018 3299 [ἰ.
1031 3259 1117 3312 ilem.)

424 3427 682 3490 subnexum
715 3425 896 3497 Josceues,
936 3423 1115 3496 Germanus,

377 3515 746 3592 RausacusOettingauus
768 3511 822 3575 30.
847 3512 923 3573 Jutii
946 3511 1042 3574 1670.
1063 3534 1115 3572 ua·

378 3619 437 3680 tus,
462 3607 555 3668 sacris
572 3615 603 3664 et
618 3605 751 3684 profanis
766 3604 875 3662 litteris
886 3605 952 3681 jam
976 3602 1114 3662 excultus

374 3697 521 3758 Societati
537 3717 569 3755 se
585 3717 634 3754 an.
654 3691 750 3755 1700.
767 3691 1114 3752 inProviuciaAustria·

376 3808 413 3846 ca
438 3785 577 3864 adjunxit
608 3795 639 3844 et
656 3783 845 3862 Theologiae
861 3783 978 3842 Doctor
994 3802 1030 3840 ac
1045 3781 1114 3841 Phi·

379 3876 535 3954 losophiae
555 3873 791 3946 Bacoalaureus,
820 3870 843 3933 4
866 3881 939 3933 vota
960 3874 1114 3952 professus

376 3969 406 4025 iu
430 3966 588 4042 ilungaria
609 3965 766 4042 septennio
788 3983 853 4022 eum
872 3962 961 4022 leude
982 3971 1028 4020 est
1045 3981 1114 4022 cou-

377 4059 523 4128 cionatus,
547 4055 662 4114 Rector
678 4053 746 4112 deiu
763 4053 920 4112 Neostadii
937 4061 968 4110 et
989 4072 1044 4131 per
1065 4051 1113 4110 de·

377 4145 514 4204 cennium
531 4143 623 4203 Curio
640 4144 816 4222 campestris
832 4142 969 4202 undecim
992 4141 1115 4220 praebia

379 4247 409 4292 et
432 4253 493 4292 nou
514 4233 618 4311 paucis
640 4233 846 4292 obsidionibus
868 4233 899 4292 iu
928 4231 1057 4310 Imperio
1084 4240 1115 4290 et

382 4323 545 4400 Ilungeria
560 4322 702 4394 interluit,
726 4331 757 4380 et
773 4341 866 4400 segre
881 4330 935 4381 aut
954 4321 1113 4380 vulnerato

378 4412 466 4472 militi
488 4412 568 4470 inter
589 4431 704 4470 summa
724 4412 858 4490 pericula
879 4411 1046 4489 intrepidus
1062 4408 1114 4468 ad·-

380 4503 467 4574 stitit,
494 4521 553 4580 quo
571 4501 627 4560 sibi
643 4501 692 4560 vel
708 4501 789 4578 apud
804 4501 886 4579 ipsos
902 4521 1033 4559 summos
1049 4499 1113 4558 Du-

379 4613 428 4652 ces
474 4589 639 4663 Thunium,
678 4589 864 4667 Eugenium,
905 4589 1113 4650 Stabrember·

380 4683 461 4760 glum
477 4681 612 4761 aliosque
629 4681 721 4739 etiam
737 4679 938 4739 heterodoxos
958 4679 1114 4758 Principes

382 4771 542 4830 maximnm
559 4791 691 4830 amorem
707 4780 738 4831 et
754 4769 1006 4828 existimationem
1026 4787 1117 4847 pepe·

383 4862 432 4919 rit.
454 4859 545 4920 Certe
567 4860 634 4920 Rex
656 4859 787 4938 Angliee
806 4873 946 4939 tunquam
962 4857 1035 4916 Dux
1054 4857 1118 4915 Hs·

384 4969 555 5009 noverauus
578 4949 696 5010 domum
721 4949 747 5009 ei
768 4971 825 5030 pro
847 4947 1047 5007 functionibus
1063 4945 1118 5005 So·

384 5039 503 5098 cietatis
518 5040 549 5098 iu
564 5038 685 5100 Ducatu
701 5059 756 5100 suo
773 5051 805 5098 et
821 5039 849 5097 in
859 5036 969 5116 Auglia
984 5039 1051 5116 ipsa
1067 5035 1119 5094 oh-

385 5126 464 5186 tulit.
480 5125 638 5204 Augustus
653 5129 798 5188 Polouiee
814 5127 882 5188 Rex
897 5127 927 5185 in
944 5147 1028 5186 suom
1052 5143 1120 5184 eum

1182 539 1282 598 aulam
1317 539 1415 618 pet‘dt.
1460 535 1533 599 Dux
1562 539 1862 620 wurtembergensis
1888 554 1915 603 et

1180 627 1731 692 MarebioBadeusisCoucionatorem
1747 653 1817 692 eum
1835 655 1914 694 suum

1182 717 1319 777 Aulienm
1336 720 1472 791 voluere,
1488 719 1598 780 Comes
1620 721 1659 781 de
1680 721 1789 782 'I'hum
1809 735 1841 783 et
1860 727 1914 785 Ta·

1180 807 1230 866 xis
1261 817 1292 866 et
1323 806 1480 868 conradus
1512 801 1777 891 Starhembergiua
1804 835 1861 892 pro
1883 836 1915 874 eo

1181 907 1347 961 certarunt.
1383 897 1443 957 Sed
1473 907 1505 958 et
1530 899 1709 962 Prouinciae
1737 903 1916 965 Germaniae

1180 1005 1248 1045 enm
1271 988 1408 1046 certatim
1429 991 1595 1066 expetiere.
1617 991 1660 1049 Et
1682 1013 1759 1051 vero
1777 993 1914 1072 eloquen-

1180 1075 1240 1134 tiae
1263 1097 1337 1136 suae
1358 1078 1389 1136 vi
1413 1085 1445 1135 et
1464 1077 1574 1156 agendi
1593 1079 1780 1142 dexteritate
1820 1083 1914 1161 linge

1179 1167 1420 1240 noae,Rastadii.
1442 1167 1587 1240 Badeuis,
1608 1167 1732 1249 Spirae,
1761 1171 1912 1253 Philippo·

1181 1255 1276 1332 burgi,
1300 1255 1427 1316 Taurini
1443 1257 1570 1336 aliisque
1586 1259 1615 1316 in
1632 1260 1705 1320 loeis
1721 1261 1869 1340 plurimos
1881 1263 1914 1322 ad

1178 1345 1344 1404 Ecclesiam
1360 1345 1548 1404 Catholicam
1565 1347 1697 1422 reduxit,
1720 1353 1751 1410 in
1767 1351 1912 1430 'I'ransyl-

1177 1435 1267 1494 venia
1283 1433 1326 1495 25
1343 1455 1445 1494 sacros
1461 1447 1628 1495 conventus
1644 1439 1785 1514 institnit,
1808 1442 1911 1521 inqui·

1178 1523 1234 1583 bus
1250 1525 1317 1603 ipse
1335 1525 1481 1604 populum
1497 1525 1536 1584 nd
1552 1545 1658 1586 veram
1679 1529 1788 1589 I'idem
1812 1535 1912 1610 poeni·

1176 1615 1334 1674 uiteutiam
1365 1625 1396 1674 et
1428 1615 1620 1674 christianam
1651 1619 1745 1678 vitam
1778 1621 1911 1680 hortatus

1176 1713 1233 1762 est.
1257 1704 1361 1764 Budae
1376 1713 1424 1764 ter
1439 1715 1525 1784 peste
1541 1705 1649 1765 afflatis
1666 1707 1797 1782 adstitit,
1815 1721 1846 1770 et
1861 1712 1912 1770 etsi

1175 1793 1240 1871 ipse
1256 1805 1424 1873 correptus,
1432 1814 1502 1853 mox
1517 1805 1551 1852 ut
1566 1799 1838 1870 consanuiteidem
1853 1821 1911 1860 rur·

1176 1901 1228 1941 sus
1243 1883 1378 1961 periculo
1395 1903 1427 1942 se
1443 1885 1596 1962 exposuit
1607 1885 1668 1945 Sed
1684 1898 1716 1947 et
1731 1909 1751 1948 a
1772 1891 1910 1949 coelomi-

1176 1973 1216 2030 ris
1246 1973 1401 2032 favoribus
1423 1973 1606 2048 cumulatus,
1635 1987 1779 2037 vexatum
1796 1979 1838 2039 ab
1856 1981 1910 2038 orci

1175 2063 1284 2140 spiritu
1298 2063 1401 2140 paucis
1415 2062 1517 2121 serbis
1537 2063 1687 2139 liberarit,
1709 2075 1740 2127 et
1756 2069 1910 2130 Neostadii

1176 2151 1456 2224 Rectorcumesset,
1473 2171 1492 2211 a
1507 2153 1656 2213 creditore
1672 2160 1911 2234 pressusinsrea

1175 2243 1258 2320 prius
1275 2241 1352 2302 bene
1368 2261 1496 2301 excussa
1510 2243 1649 2303 invocato
1665 2246 1798 2308 Numine
1814 2269 1910 2308 neees-

1176 2332 1287 2391 sariam
1303 2333 1458 2411 pecuniam
1474 2351 1534 2390 uon
1550 2333 1614 2392 sine
1637 2335 1778 2415 prodigio
1790 2339 1908 2418 reperit.

1175 2419 1351 2482 Postremos
1367 2441 1461 2482 annos
1478 2421 1600 2482 Graeeii
1620 2425 1780 2486 scribendo
1805 2429 1909 2487 dicarit
2005 2481 2006 2494 ,

1176 2520 1207 2571 et
1224 2521 1348 2592 accepto
1365 2513 1470 2572 mortis
1490 2513 1595 2571 nuntio
1614 2513 1732 2574 fabrum
1755 2517 1909 2594 lignarium

1175 2607 1311 2677 vocavit,
1343 2611 1377 2662 ut
1399 2621 1569 2662 mensuram
1595 2623 1699 2679 arcae,
1723 2626 1785 2686 qua
1804 2629 1908 2686 eorpus

1175 2711 1263 2754 snum
1288 2692 1481 2764 conderetur,
1513 2693 1673 2772 acciperet.
1709 2695 1761 2756 Sic
1786 2709 1908 2780 paratus

1174 2785 1306 2863 piissime
1330 2783 1403 2842 obiit
1423 2781 1541 2842 Graecii
1563 2779 1618 2843 28.
1635 2784 1712 2843 Dec.
1732 2781 1832 2848 1733.
1854 2799 1908 2846 eet.

1173 2873 1227 2936 58.
1243 2875 1385 2954 Elegium
1401 2873 1467 2948 ejus
1488 2873 1517 2931 iu
1538 2869 1774 2936 Continuatione
1795 2877 1908 2936 hieron·

1172 2967 1210 3026 rii
1235 2967 1280 3026 sui
1295 2985 1351 3046 per
1367 2963 1403 3022 P.
1420 2961 1613 3021 Franciscum
1636 2963 1745 3024 Keller
1766 2965 1798 3025 S.
1821 2965 1854 3026 J.
1875 2967 1906 3026 P.

1172 3055 1298 3115 XXIX.
1319 3075 1349 3112 u.
1365 3049 1443 3125 572,
1467 3071 1525 3130 quo
1543 3051 1642 3110 brevis
1657 3055 1741 3114 vitae
1772 3056 1841 3131 ejus
1863 3055 1907 3116 de·

1172 3147 1293 3226 scriptio
1310 3145 1482 3204 continetur
1497 3161 1569 3220 pag.
1589 3141 1704 3203 141-
1725 3141 1799 3205 154.

1240 3235 1343 3294 Edidit
1358 3232 1547 3311 germanice:

1170 3325 1399 3386 Eucharisticon
1420 3321 1460 3380 ob
1480 3321 1638 3381 liberatam
1665 3321 1792 3383 Budam.
1817 3323 1903 3384 Vien-

1216 3435 1273 3475 nae
1290 3413 1478 3473 Cosmerovii
1497 3408 1593 3472 1712.
1609 3411 1660 3470 iel.

1170 3506 1264 3564 Liber
1279 3505 1316 3563 de
1332 3501 1519 3582 Apocalypsi
1536 3521 1574 3562 ex
1590 3500 1817 3578 gallieoJaeobi
1835 3503 1902 3562 Bos-

1216 3595 1294 3654 sueti
1313 3595 1373 3672 Ep.
1390 3590 1495 3664 held„
1519 3591 1629 3650 additis
1651 3590 1901 3651 declarationibus
2003 3649 2004 3660 ,

1214 3695 1246 3745 et
1262 3680 1530 3742 observationibus.
1552 3679 1713 3758 Augustae
1739 3681 1861 3742 Vindel.
1877 3689 1903 3740 et
2003 3681 2004 3744 l

1216 3773 1337 3834 Graecii
1351 3771 1455 3834 Veith.
1478 3767 1575 3830 1718.

1169 3865 1335 3924 Mercurius
1352 3883 1405 3921 seu
1419 3857 1776 3920 NovuaNuutiusmundi
1783 3881 1848 3920 enm
1864 3861 1901 3919 di·

1213 3947 1788 4013 versisRelatiouibushlissioueriorum
1804 3949 1901 4010 Socie-

1214 4045 1286 4104 tatis
1316 4040 1417 4113 Jesu,
1442 4037 1648 4126 seuudiversae
1664 4047 1725 4096 tam
1747 4039 1787 4098 ud
1811 4039 1901 4100 erudi·
2002 4109 2003 4126 Χ

1213 4134 1326 4193 tionem
1347 4151 1435 4211 quam
1452 4129 1491 4188 ad
1506 4128 1639 4206 spiritum
1662 4127 1822 4188 fovendum
1833 4131 1900 4209 11ρί-

1215 4223 1323 4291 stolae,
1340 4220 1462 4298 Scripta
1476 4227 1507 4278 et
1522 4216 1692 4290 Itinereria,
1705 4236 1784 4297 quse
1802 4220 1899 4278 abiis-

1215 4313 1353 4372 siouariis
1370 4311 1401 4370 S.
1418 4307 1450 4367 J.
1467 4329 1506 4367 ex
1522 4305 1898 4388 utrisquelndiis,uliisque

1214 4413 1299 4462 treus
1315 4419 1397 4459 mare
1414 4399 1479 4458 sitis
1488 4395 1661 4474 regionibus
1672 4397 1796 4457 abanuo
1808 4395 1900 4458 1642.

1215 4491 1253 4552 ad
1272 4511 1382 4552 annum
1400 4484 1496 4550 1758.
1511 4489 1543 4546 iu
1558 4485 1712 4564 Europam
1745 4487 1901 4560 advenere,

1214 4601 1293 4640 nunc
1315 4580 1443 4661 primum
1469 4577 1577 4656 purtim
1614 4595 1652 4636 ex
1682 4576 1900 4654 Mauuscriptis,

1213 4672 1322 4750 partim
1338 4690 1375 4728 ex
1393 4669 1457 4726 eliis
1480 4666 1616 4746 probetis
1641 4664 1835 4726 relationibus
1860 4665 1899 4724 di·

1218 4779 1371 4820 versarem
1384 4759 1553 4836 linguarum
1570 4763 1714 4832 congesta
1730 4767 1802 4816 suut
1818 4753 1900 4813 aJo·

1219 4851 1312 4930 sepho
1329 4846 1500 4909 Stoeckleiu
1517 4845 1549 4906 S.
1565 4845 1598 4905 J.
1616 4845 1706 4903 Tomi
1722 4845 1760 4918 V,
1778 4865 1899 4925 quorum

1218 4941 1314 5021 quivis
1353 4937 1433 4997 VIII
1472 4937 1591 5008 Pertes,
1630 4933 1754 4994 ultimus
1786 4943 1899 4995 tautum

1222 5031 1274 5104 lV,
1290 5029 1453 5088 universim
1474 5024 1652 5084 XXXVIII
1672 5024 1813 5097 eontinet,
1828 5041 1898 5102 que·

1219 5139 1284 5178 rum
1309 5120 1425 5199 priores
1447 5115 1560 5176 XXIV
1590 5116 1655 5192 ipse
1678 5111 1897 5177 P.·Sceektein‚
