3990 5950
979 343 1200 408 ..18-

375 519 406 570 81
438 509 538 568 vincta
571 510 705 568 oratioue
743 507 903 568 celebrata.
943 509 1062 568 Graecii

377 595 474 662 1694.
500 597 611 656 Widm.
630 595 662 658 8.

556 718 628 770 (Gesta
642 720 665 757 st*
675 719 754 768 Scripta
767 721 828 758 Prsv.
842 719 910 758 Amr.
923 719 1035 771 rut-rm.)

375 866 514 929 EGGER
537 864 711 940 decursus,
737 865 920 940 Germanus,
937 865 1060 926 Jndem·

331 956 417 1033 burgi
433 957 463 1016 in
479 957 581 1035 Styria
600 954 651 1017 19.
667 956 769 1014 Martii
791 953 889 1018 1689.
902 965 1007 1030 natus,
1030 967 1062 1017 et

328 1055 387 1104 act.
412 1043 462 1106 16.
487 1045 630 1106 Societati
651 1045 835 1125 adscriptus,
859 1044 881 1106 4
901 1055 973 1106 vota
992 1067 1060 1126 pro·

329 1137 439 1208 lessus,
463 1156 530 1194 cnm
546 1137 717 1196 missionem
728 1137 758 1194 in
774 1135 891 1196 Indiam
906 1157 967 1196 non
983 1137 1059 1196 obti-

1118 507 1251 586 collegit,
1283 508 1410 588 scripsit,
1437 506 1528 568 edidit
1548 508 1597 569 vel
1619 517 1695 588 typo
1721 508 1852 589 paravit.

1119 597 1291 672 Sincerum,
1308 619 1396 679 quem
1411 617 1530 678 semper
1551 599 1581 657 in
1603 599 1693 658 corde
1716 601 1854 660 servavit

1118 689 1257 748 affectum
1273 707 1346 766 erga
1361 689 1542 748 Societatem
1558 689 1685 748 maxime
1696 689 1725 748 in
1737 709 1773 748 eo
1789 709 1853 748 ma-

1118 779 1285 850 nifestavit,
1317 777 1398 859 quod
1422 778 1536 856 ingenti
1565 777 1669 838 labore
1693 779 1799 856 viginti
1820 788 1853 838 et

1118 868 1230 946 aliquot
1253 889 1399 927 annorum
1423 887 1461 926 ex
1483 868 1574 927 variis
1600 868 1795 928 Bibliothecis
1820 879 1853 927 et

1116 957 1246 1017 lontibus
1262 957 1414 1017 litterariis
1434 958 1555 1017 notitias
1573 957 1696 1035 collegit
1719 957 1758 1016 ad
1779 977 1850 1018 con-

1115 1047 1289 1107 tinuandam
1304 1047 1524 1107 Bibliothecam
1540 1047 1726 1126 Scriptorum
1745 1047 1848 1106 Socie-

1115 1137 1184 1196 tatis
1208 1157 1226 1196 a
1250 1139 1287 1198 P.
1312 1137 1516 1200 Ribadeneira
1539 1146 1677 1216 coeptam
1699 1145 1763 1196 ata
1783 1137 1848 1195 PP.

329 1225 457 1298 unisset,
474 1225 654 1305 Operarium
670 1225 806 1286 sedulum
821 1247 877 1306 per
893 1228 1058 1287 omnemvi-
1113 1226 1279 1305 Alegambe
1291 1237 1321 1287 et
1337 1227 1481 1287 Sotvello
1493 1226 1533 1286 ad
1548 1247 1657 1286 anuum
1668 1223 1765 1288 1675.
1781 1247 1849 1305 881-

329 1325 389 1376 tam
413 1317 485 1393 egit,
509 1317 700 1376 concionatus
722 1317 808 1376 anuis
828 1317 964 1395 pluribus
988 1317 1058 1376 Lin-

329 1406 380 1478 cii,
405 1407 556 1478 Passsvii,
572 1405 696 1478 Leobii,
721 1406 872 1478 Viennae,
895 1429 931 1466 88
951 1406 1060 1466 ibidem

328 1497 358 1554 in
375 1495 475 1554 Domo
491 1497 629 1575 professa
647 1496 821 1556 Praesidem
844 1496 1060 1576 Gougregatio-

329 1587 375 1644 uis
392 1585 547 1646 Goelibum
558 1588 684 1665 primum
700 1595 763 1646 tum
779 1585 897 1646 Civium
917 1585 958 1648 21
975 1589 1060 1646 anuis

330 1676 405 1752 egit,
431 1695 465 1734 ac
490 1675 608 1735 demum
628 1675 737 1735 ibidem
761 1695 816 1755 per
838 1677 941 1756 plures
963 1696 1059 1736 annos

329 1765 506 1825 Praefectus
521 1766 642 1845 spiritus
658 1767 707 1844 pie
724 1765 797 1825 obiit
813 1763 843 1828 3.
856 1767 947 1826 Febr.
961 1762 1059 1828 1769.

330 1864 389 1914 881.
407 1851 459 1915 80.

396 1943 500 2004 Edidit
515 1945 697 2022 germanice:

328 2033 538 2114 Panegyricus
555 2033 586 2094 S.
603 2033 718 2095 Joanni
741 2035 778 2095 de
800 2035 904 2096 Motha
925 2035 1061 2096 Viennae

374 2125 404 2182 io
421 2124 548 2203 Templo
564 2125 632 2188 RR.
650 2125 713 2189 PP.
731 2124 768 2186 de
784 2126 981 2186 Redemtioue
1004 2124 1060 2186 Ca·

375 2215 526 2292 81118188
562 2213 673 2290 dictus,
716 2215 851 2276 Viennae
887 2216 1060 2295 impressus.

375 2305 516 2382 Schilgen
536 2300 632 2364 1727.
649 2301 681 2365 4.

330 2393 532 2454 Hebdomade
548 2393 720 2473 spiritualis.
738 2395 875 2455 Viennae
894 2391 992 2456 1737.

331 2483 429 2542 1111188
446 2483 958 2563 0888188181188888181118181ῐὶ18.
972 2486 1062 2546 Vien-

376 2593 432 2633 nae
452 2570 549 2634 1737.
565 2570 620 2635 44.

667 2695 742 2748 (flecta
755 2703 775 2734 ιι
788 2697 868 2748 Scripta
882 2697 943 2735 rna.
956 2697 1039 2748 sau.)

376 2843 762 2918 88888888818888,
774 2843 953 2918 Germanus,
969 2843 1063 2904 Lineii

332 2933 498 2994 inAustria
511 2932 562 2996 12.
579 2933 602 2994 J
604 2956 653 2994 un.
665 2931 761 2996 1752.
770 2955 789 2994 8
801 2935 857 3014 piis
869 2934 1064 3014 honestisque

330 3024 506 3102 parentibus
517 3032 615 3098 natus,
633 3032 691 3084 aet.
711 3023 762 3086 16.
779 3025 958 3104 tyrocinium
973 3024 1064 3084 Vien-

330 3135 387 3174 nae
402 3115 518 3193 posuit,
542 3127 572 3173 et
593 3115 729 3193 repetitis
750 3114 856 3174 Leobii
888 3113 1065 3174 humaniori-

331 3204 389 3262 bus
404 3203 633 3282 Philosophiam
648 3205 678 3264 in
691 3204 899 3264 Universitate
915 3203 1064 3264 (11888811-

333 3295 357 3352 81
375 3295 494 3370 excepit
512 3293 691 3372 publiceque
712 3293 852 3352 defendit.
876 3293 982 3352 Soluto
1008 3292 1063 3352 Or-

331 3383 400 3441 dine
415 3383 553 3442 Passavii
574 3401 652 3440 anno
674 3401 735 3442 nno
757 3383 988 3445 Grammaticam
1010 3381 1063 3442 do·

333 3473 412 3544 cuit,
436 3479 498 3530 tum
526 3472 676 3545 Viennae,
703 3471 754 3532 ubi
783 3473 931 3534 Sacerdos
956 3474 1062 3546 factus,

334 3561 523 3640 Theologiae
552 3561 667 3621 studuit
691 3571 721 3621 ct
741 3577 863 3642 praeter
882 3561 1064 3642 philosophi-

334 3671 401 3710 cum
407 3651 606 3730 theologicum
617 3653 742 3730 gradum
748 3655 871 3734 accepit.
879 3651 988 3712 Serviit
996 3653 1064 3712 dein

329 3741 444 3822 aliquot
464 3743 548 3802 anuis
563 3743 594 3802 iu
609 3763 683 3802 cura
699 3745 862 3804 animarum
878 3744 907 3802 in
923 3743 1063 3802 Dioecesi

335 3831 491 3906 Linceusi,
516 3833 595 3892 unde
627 3833 666 3892 ad
688 3834 719 3893 S.
737 3833 936 3913 Hyppolitum
957 3852 1062 3892 evoca·

334 3931 382 3982 tus
400 3921 543 3982 Curatum
565 3923 720 3984 Ecclesiae
742 3923 930 3984 Cathedralis
952 3933 982 3982 et
1005 3921 1061 3982 08-

332 4011 480 4072 techetam
497 4014 527 4072 in
543 4013 646 4074 schola
662 4013 790 4074 normali
811 4015 881 4091 egit.
905 4014 949 4071 At
969 4011 1060 4072 imbe-

331 4101 404 4160 cillis
420 4122 541 4180 semper
560 4103 704 4163 valetudo
721 4123 850 4163 oneroso
866 4103 923 4162 hoc
938 4123 1061 4162 munere

331 4191 416 4250 brevi
437 4192 512 4251 adeo
535 4201 582 4250 est
602 4195 719 4266 attrita,
743 4203 777 4252 ut
801 4195 879 4254 iutra
900 4213 1011 4252 annum
1032 4193 1061 4251 id

332 4281 471 4340 deserere
487 4291 657 4359 cogeretur.
690 4281 795 4357 Quare
820 4283 969 4344 Viennam
990 4301 1060 4342 cou-

332 4371 432 4443 cessit,
464 4371 515 4430 nbi
533 4371 570 4431 ab
587 4393 665 4432 auno
683 4370 780 4434 1790.
809 4373 981 4433 Sacerdotis
998 4391 1059 4430 mu·

332 4461 398 4534 niis,
438 4471 583 4541 quantum
621 4483 676 4542 per
707 4465 787 4524 vires
818 4463 900 4522 licuit
931 4464 1057 4540 iungens

333 4551 425 4610 vitam
461 4553 610 4632 privatam
641 4555 720 4632 ogit,
752 4561 932 4632 tempusque
969 4571 1057 4611 omne

1115 1315 1249 1390 ductam;
1283 1337 1377 1398 quare
1404 1326 1434 1375 ct
1460 1318 1630 1397 praesentis
1653 1314 1849 1376 Collectionis

1115 1407 1307 1486 praecipuum
1316 1407 1358 1466 illi
1370 1406 1498 1466 debetur
1514 1407 1661 1466 meritum.
1679 1441 1721 1450 —
1738 1405 1850 1466 Posse-

1116 1497 1158 1556 dit
1173 1497 1391 1558 Bibliothccam
1407 1497 1534 1575 amplius
1552 1517 1606 1556 sex
1622 1495 1747 1555 millium
1761 1495 1847 1555 volu-

1115 1587 1235 1661 minum,
1252 1608 1340 1666 qnam
1357 1595 1535 1646 testamento
1548 1585 1690 1645 Societati
1706 1584 1785 1645 Jesu
1806 1585 1849 1644 le·

1114 1677 1214 1756 gavit,
1245 1677 1270 1735 si
1290 1678 1369 1736 intra
1395 1673 1605 1736 2588881818
1630 1675 1759 1756 spatium
1780 1684 1850 1756 post

1117 1767 1195 1826 illins
1212 1777 1349 1840 mortem,
1367 1787 1443 1846 quae
1461 1786 1540 1825 auno
1558 1763 1658 1826 1824.
1676 1764 1793 1837 accidit,
1817 1765 1848 1824 in

1116 1857 1287 1915 Provinciis
1316 1855 1483 1915 Austriacis
1511 1857 1734 1932 restitueretur;
1767 1853 1849 1935 qnod

1117 1967 1183 2004 cnm
1196 1967 1274 2006 anuo
1287 1943 1612 2006 1837.18181818818111
1628 1945 1727 2016 188111,
1745 1953 1847 2004 818818

1117 2035 1230 2094 scilicet
1249 2036 1429 2096 liberalitate
1459 2035 1646 2094 Serenissimi
1670 2033 1850 2093 Archiducis

1117 2127 1419 2186 888111881-118188818
1440 2125 1633 2184 Maximiliani
1657 2123 1794 2202 Collegio
1817 2125 1850 2182 in

1117 2217 1191 2274 turri
1210 2215 1474 2295 Freyenbergensi
1494 2235 1586 2293 penes
1614 2213 1749 2272 Lincium
1773 2213 1849 2272 1888

1116 2307 1250 2385 81811888
1270 2305 1416 2365 librorum
1438 2303 1585 2363 Collectio
1606 2303 1750 2362 Societati
1767 2301 1849 2362 Jesu

1116 2396 1230 2455 tradita
1245 2397 1310 2454 1811.

1183 2486 1286 2545 Edidit
1302 2485 1471 2562 germanice
1488 2483 1578 2542 tacito
1595 2483 1731 2542 nomine:

1118 2575 1242 2635 Amicus
1257 2575 1428 2654 juventutis
1453 2593 1508 2633 seu
1535 2573 1705 2652 Scriptores
1728 2571 1850 2630 classici

1165 2665 1334 2726 Germanici
1373 2663 1494 2743 purgati
1532 2664 1563 2722 18
1591 2682 1678 2720 nsum
1701 2661 1848 2739 juventu-

1163 2756 1212 2814 tis.
1241 2755 1329 2814 Tomi
1362 2754 1405 2813 Il.
1443 2753 1474 2812 S.
1508 2751 1669 2832 Hyppoliti
1703 2749 1852 2810 1181181118

1119 2935 1276 3015 Epistulae
1296 2934 1456 2994 universae
1485 2931 1517 2990 S.
1542 2931 1695 2990 Francisei
1710 2929 1850 3002 Xaverii,

1166 3025 1270 3104 Magni
1285 3022 1439 3084 Indiarum
1459 3020 1600 3100 Apostoli
1621 3041 1638 3080 8
1655 3019 1687 3079 S.
1704 3020 1744 3079 'J.
1765 3039 1782 3078 e
1805 3019 1851 3078 la·

1165 3115 1227 3174 tino
1252 3133 1369 3174 versae.
1390 3113 1499 3172 Partes
1520 3111 1755 3188 nenegasse
1776 3109 1851 3168 Vin·

1165 3203 1409 3266 1181111811811.
1429 3199 1524 3266 1794.
1542 3197 1573 3260 8.

1119 3296 1253 3354 Historia
1268 3294 1442 3354 Missiouum
1464 3291 1661 3350 recentiorum
1681 3297 1850 3368 temporum

1164 3405 1219 3444 sen
1234 3383 1393 3463 1181818188
1415 3381 1673 3440 Missiouariorum
1697 3379 1728 3438 S.
1752 3377 1786 3438 J.
1809 3398 1850 3438 ex

1165 3473 1301 3534 omnibus
1324 3472 1405 3532 orbis
1427 3471 1573 3550 partibus.
1604 3471 1654 3529 Ex
1673 3467 1760 3528 India
1781 3465 1850 3526 Ori·

1165 3565 1256 3624 entali
1270 3564 1378 3622 Partes
1388 3560 1446 3620 III.
1458 3561 1538 3640 Aug.
1556 3559 1674 3618 Vindel.
1690 3558 1749 3617 Nic
1764 3557 1850 3616 Doll.

1167 3650 1264 3714 1794.
1296 3653 1346 3712 Ex
1374 3650 1495 3730 Japone
1529 3651 1640 3709 Partes
1680 3649 1740 3710 111.
1769 3646 1849 3710 Ibid.

1145 3739 1264 3804 1798.
1288 3739 1319 3802 8.
1336 3739 1421 3822 0888
1446 3741 1647 3818 interruptum
1678 3737 1851 3798 incursione

1165 3831 1322 3894 Gallorum
1337 3833 1367 3891 18
1384 3830 1583 3890 Germaniam.

1116 3923 1169 3984 Jo.
1196 3923 1275 4002 Nep.
1305 3921 1482 4000 'I'schuppig
1504 3917 1734 3978 Goucionatoris
1749 3915 1850 3974 Aulici

1163 4014 1250 4073 Vien.
1267 4033 1284 4072 e
1301 4011 1332 4071 S.
1348 4011 1380 4070 J.
1401 4007 1642 4069 novaenondrnn
1658 4005 1850 4066 8111188088-

1162 4103 1273 4162 cioues.
1285 4102 1399 4161 Cursus
1417 4099 1506 4158 888111
1522 4107 1583 4158 1188
1600 4116 1656 4176 818
1671 4095 1851 4166 Dominicis,

1161 4192 1262 4252 Vestis
1293 4199 1323 4250 et
1350 4188 1589 4266 Quadragesima
1617 4208 1683 4246 curn
1712 4185 1849 4265 pluribus

1162 4279 1416 4351 occasionalibus,
1440 4299 1478 4337 ex
1500 4277 1623 4356 proprio
1649 4277 1715 4354 ejus
1742 4275 1849 4334 Manu·

1161 4373 1273 4450 scripto
1310 4369 1463 4428 redactae.
1495 4369 1605 4427 Partes
1638 4367 1675 4426 V.
1712 4365 1850 4424 Viennae

1161 4462 1270 4540 Aloys.
1288 4459 1360 4518 Doll
1385 4453 1482 4518 1803.
1500 4453 1530 4516 8.

1183 4550 1392 4628 118888811818
1407 4548 1516 4607 latina:

331 4639 460 4718 legendo
493 4642 709 4724 scribendoque
746 4643 926 4715 consumsit,
957 4641 1057 4719 singn-
1114 4639 1235 4718 Scripta
1265 4639 1454 4715 'Pheologica
1479 4657 1532 4716 pro
1561 4635 1757 4694 Examinibus
1792 4651 1849 4712 pro

329 4729 384 4789 lori
431 4733 489 4792 Dei
524 4732 739 4792 beneticentiae
782 4732 933 4804 tribuens,
978 4729 1058 4809 quod
1158 4729 1262 4808 gradu.
1281 4729 1431 4788 Volumen
1448 4727 1578 4806 spissum
1594 4727 1624 4784 in
1638 4723 1671 4785 4.

329 4821 386 4879 8181
403 4833 474 4898 8881
489 4842 593 4882 versas
605 4825 669 4901 jam
690 4821 845 4900 Epistolas
867 4819 1058 4880 Xaverisnas
1114 4819 1294 4878 Dissertatio
1319 4816 1644 4893 historico-theologica
1660 4813 1697 4874 de
1723 4813 1849 4874 0811188-

331 4910 457 4970 81181881
485 4913 603 4972 8881818
635 4911 809 4992 perdiderit,
832 4910 927 4970 altero
959 4918 1059 4970 tamen
1160 4910 1244 4968 sione
1280 4907 1508 4976 sacramentali,
1547 4926 1616 4983 pag.
1661 4900 1715 4964 97.
1755 4907 1785 4964 18
1817 4905 1850 4966 4·

330 5019 456 5079 semper,
473 5003 528 5060 etsi
545 5003 703 5080 postremis
720 5001 804 5060 annis
821 5000 935 5060 nonnisi
960 5019 1060 5076 aegre,
1162 4997 1330 5076 approbata
1347 5017 1402 5076 pro
1419 4997 1515 5074 gradu
1532 4995 1711 5071 theologico.

330 5091 371 5150 uti
393 5093 533 5168 potuerit.
566 5089 735 5150 incredibili
761 5087 913 5165 diligentia
935 5090 1062 5170 plurima
1118 5089 1298 5147 Dissertatio
1313 5087 1350 5146 do
1364 5086 1552 5146 restrictione
1569 5085 1690 5145 mentali
1698 5093 1727 5144 81
1740 5105 1851 5146 annon
