3990 5950
745 352 989 418 -147—

107 519 165 582 01111
192 539 321 600 corpore
348 520 447 598 aegris
475 517 601 579 subditis
631 520 661 578 in
688 517 784 598 sylvis
806 527 836 578 et
890 517 939 597 pie
956 515 1032 575 obiit
1046 513 1185 574 Flumine
1201 511 1255 576 22.
1273 515 1359 597 Sept.
1379 515 1476 581 1731.
1493 528 1551 581 aet.
1569 517 1622 583 73.

107 611 220 690 asperis
241 611 396 671 montibus
426 609 567 670 solatium
593 617 658 668 tum
679 608 837 688 corporale

107 711 168 760 tum
187 701 345 778 spirituale
367 699 450 773 tulit;
480 718 516 758 ac
543 698 661 758 demum
685 699 735 778 pie
762 697 837 758 obiit

107 789 224 850 Graecii
244 788 296 851 17.
312 791 387 850 Dec.
406 785 505 852 1703.
523 797 582 849 aet.
599 785 653 850 50.

169 879 293 940 Edidit:

106 969 258 1048 Diphtera
272 970 362 1030 Jovis
379 969 458 1030 circa
473 976 601 1030 eventus
618 968 690 1028 novi
710 966 838 1041 Saeculi,

959 603 1064 664 Edidit
1091 603 1209 684 illyrice
1233 605 1367 666 libellum
1397 607 1436 668 de
1465 609 1557 671 00110
1591 611 1623 672 S.

958 694 1117 754 Francisci
1130 694 1214 754 Xar.

1229 815 1302 868 (licata
1315 823 1336 857 al
1349 819 1427 869 Scripta
1442 821 1503 860 eru.
1517 823 1598 876 suu.)

956 964 1193 1026 EOFFMAIOE
1226 964 1407 1040 Gnoserus,
1444 965 1624 1044 Germanus,

149 1059 234 1139 quod
267 1059 435 1119 Academia
474 1057 655 1118 Graecensis
686 1059 842 1136 auspicata
896 1054 1033 1114 Viennae
1053 1053 1198 1112 Austriae
1223 1050 1277 1114 28.
1299 1056 1372 1134 Maji
1395 1054 1493 1119 1616.
1519 1061 1625 1120 nobili·

148 1158 206 1222 est,
226 1149 265 1209 ab
273 1150 415 1228 Apolline
432 1149 561 1208 oraculis
573 1149 604 1207 in
621 1147 760 1208 solatium
776 1148 841 1206 Mu·
896 1143 954 1203 bus
974 1142 1152 1223 parentibus
1180 1152 1280 1218 ortus,
1309 1155 1369 1205 aet.
1404 1144 1454 1207 17.
1482 1147 1628 1212 Societati

149 1259 257 1298 aarum
271 1240 402 1300 detecta
427 1237 556 1300 Carmen
572 1239 698 1316 epicum.
721 1235 843 1296 Graecii

148 1327 265 1388 Widm.
290 1325 388 1391 1688.
411 1326 443 1391 8.
464 1331 617 1389 Recusum
637 1329 669 1386 in
687 1327 842 1387 Analectis

148 1419 279 1480 Kleinii.
302 1419 440 1480 Viennae
460 1414 556 1480 1755.

450 1539 523 1593 (Sala
536 1543 557 1577 01
570 1538 648 1588 Scripta
662 1537 722 1576 Pror.
736 1536 817 1589 intr.)

148 1689 353 1752 somna
369 1688 548 1759 11000000,
567 1683 844 1758 Germanus,Vren-

106 1799 162 1838 nae
181 1775 285 1840 1714.
309 1777 508 1856 Tyrocinium
529 1777 699 1853 ingressus,
723 1773 844 1833 absolu·

106 1871 143 1927 tis
159 1867 290 1927 Graecii
306 1875 336 1927 et
351 1867 489 1926 Viennae
507 1864 710 1924 severioribus
727 1863 844 1936 studiis,

106 1957 127 2020 4
142 1970 223 2016 rota
239 1957 396 2036 professus
414 1955 636 2032 etTheologiae
647 1953 772 2026 Doctor,
784 1952 844 2012 Bu·

107 2047 161 2107 dae
177 2046 429 2125 Philosophiam,
444 2045 584 2106 Passavii
600 2043 707 2117 00000,
725 2042 846 2102 Graecii

107 2147 138 2198 et
152 2137 297 2198 Viennae
313 2135 490 2208 00000100
506 2134 695 2194 Pontificium
706 2141 737 2192 01
745 2132 846 2210 Scrip-

107 2237 209 2286 turam
232 2225 265 2286 S.
290 2224 457 2304 praelegit,
480 2226 596 2284 Rector
615 2222 685 2282 dein
710 2221 847 2295 Oremsii,

109 2326 138 2376 et
152 2315 266 2376 eodem
281 2335 405 2374 munere
430 2312 587 2374 Neostadii
608 2313 639 2372 iu
659 2312 780 2372 tertium
796 2331 848 2372 an·

113 2427 183 2465 num
201 2407 335 2482 fungens
358 2401 544 2484 0100111112.
561 2402 636 2464 Jan.
657 2399 754 2464 1751.

183 2496 248 2554 Est
263 2495 330 2572 ejus
345 2494 453 2554 latine:

116 2585 237 2644 Album
254 2583 429 2643 Sodalitatis
444 2583 579 2660 majoris.
588 2582 698 2641 Partes
707 2581 751 2640 II.
762 2580 853 2641 Vien-

161 2693 228 2735 nae
246 2670 344 2735 1739.
361 2669 460 2735 0140.
478 2669 509 2733 8.

692 2791 832 2845 (nrum-r

161 2941 377 3006 Elium
391 2938 857 3012 emuromosnsasrmmn,

118 3033 262 3092 Viennae
280 3029 424 3092 Austriae
452 3028 505 3093 19.
528 3031 609 3108 Aug.
636 3025 736 3090 1652.
758 3036 857 3102 natus,

118 3133 149 3182 et
164 3130 228 3182 aet.
248 3118 300 3183 15.
317 3121 462 3181 Societati
474 3116 684 3199 adscriptus,4
700 3128 774 3177 vota
788 3137 858 3196 pru·

117 3213 219 3272 lessus
236 3219 268 3271 et
283 3210 498 3290 Philosophiae
512 3211 647 3283 Doctor,
671 3207 748 3268 hane
770 3207 857 3268 Geri-

117 3302 180 3362 1100
196 3312 230 3361 01
253 3300 410 3372 Viennae,
435 3299 637 3378 Theologiam
657 3298 802 3358 moralem
827 3307 859 3358 et

118 3390 177 3450 «100
192 3390 388 3452 Pontilirium
403 3390 580 3450 Passaviiet
595 3389 785 3466 Olagenfurti
795 3397 856 3447 tra·

119 3479 204 3540 didit.
230 3479 361 3558 Collegii
384 3479 453 3540 dein
477 3479 634 3538 Lincensis
655 3478 786 3549 Rector,
811 3478 857 3536 vir

119 3589 242 3648 semper
258 3569 394 3642 zelosus,
417 3569 538 3649 pietatis
555 3567 779 3647 etpaupertatis
796 3569 855 3626 sin·

119 3660 267 3736 gulariter
282 3679 387 3718 amans
404 3659 479 3718 obiit
495 3657 685 3736 Olagenfurti
701 3651 754 3716 28.
764 3657 856 3715 Marti

122 3745 221 3809 1708.
238 3756 299 3808 001.
315 3744 370 3808 56.

188 3837 294 3897 Edidit
308 3837 419 3896 latine:

121 3927 228 4004 Imago
242 3927 361 3986 Saeculi
376 3926 501 4004 gloriosi
513 3946 566 3985 seu
582 3925 736 3985 Victoriae
747 3925 784 3985 de
799 3923 854 3984 Ot-

167 4105 260 4166 armis
274 4105 421 4184 Leopoldi
440 4106 465 4164 I.
484 4107 615 4166 carmine
633 4104 754 4164 heroico
767 4124 853 4163 enar·

164 4204 263 4256 retae.
294 4195 430 4255 Viennae
453 4194 642 4255 Cosmerovii
660 4191 757 4255 1687.
775 4190 807 4255 8.

122 4283 303 4362 Astrologia
318 4284 482 4356 Polemica,
499 4305 553 4344 seu
573 4285 660 4362 signa
682 4283 757 4343 boni
779 4283 853 4342 mili·

163 4375 213 4434 tis.
238 4373 378 4433 Viennae
392 4373 432 4432 id.
452 4371 548 4436 1688.
567 4371 597 4435 8.

461 4493 534 4545 (110010
547 4497 567 4532 el
581 4495 659 4543 Scripta
673 4493 734 4530 l’ror.
747 4493 827 4544 Aarlr.)

161 4640 372 4704 nonem
379 4640 812 4712 Nrconaus,1talus,Flumine
823 4641 853 4698 in

124 4728 244 4810 Illyrico
262 4727 293 4789 7.
304 4729 389 4810 Sept.
402 4726 499 4790 1658.
507 4739 607 4802 natus,
624 4739 655 4790 et
664 4739 724 4789 aet.
735 4727 786 4790 15.
797 4729 853 4789 So·

123 4819 259 4879 rietatem
267 4821 431 4898 ingressus,
440 4819 589 4879 absolutis
598 4821 704 4880 studiis
721 4818 760 4877 ob
776 4819 856 4879 vires

123 4908 282 4969 debiliores
298 4911 485 4969 Procurator
500 4911 562 4969 lere
585 4929 705 4989 semper
726 4918 779 4968 eut
800 4909 855 4967 Mi-

123 5000 227 5072 nister,
254 5007 286 5059 et
301 5001 332 5058 in
348 5000 432 5058 senio
449 5000 768 5079 Praefectusspiritus‚
778 4997 853 5059 Oru-

122 5087 199 5148 clfixi
216 5098 248 5149 et
263 5089 297 5150 S.
313 5089 470 5150 Francisci
492 5089 574 5150 Xav.
592 5091 718 5152 eximius
735 5089 853 5165 Cultor,

898 1233 1121 1306 adnumeratus,
1139 1242 1170 1294 et
1186 1231 1407 1295 absolutarum
1422 1237 1510 1300 laude
1532 1240 1625 1300 Grue-

897 1324 934 1382 cii
950 1323 1135 1401 Theologia,
1160 1322 1199 1382 ob
1214 1325 1364 1404 singulare
1379 1326 1495 1388 dicendi
1517 1328 1626 1391 donum

898 1432 1003 1474 sacrae
1022 1432 1093 1471 mox
1113 1412 1272 1474 cathedrae
1294 1415 1445 1491 admotus,
1474 1428 1505 1479 et
1524 1421 1627 1500 primis

898 1503 966 1562 aevi
983 1503 1029 1560 sui
1044 1503 1214 1562 oratoribus
1235 1507 1464 1585 aequiparatur,
1494 1531 1556 1570 non
1576 1512 1628 1570 mi-

898 1592 965 1652 nori
986 1611 1052 1650 curn
1068 1593 1166 1651 fructu
1182 1592 1267 1667 dixit,
1283 1605 1314 1654 ct
1328 1595 1466 1657 Viennae
1481 1598 1511 1658 in
1527 1600 1628 1660 Domo

898 1683 1036 1763 professa
1061 1702 1117 1760 per
1145 1683 1295 1761 integrum
1331 1684 1507 1748 decennium
1530 1698 1629 1750 totam

899 1774 961 1832 fere
985 1771 1140 1832 civitatem
1161 1771 1200 1831 ad
1220 1793 1253 1834 ss
1280 1776 1384 1834 traxit.
1413 1776 1541 1857 Collegii
1562 1781 1631 1840 dein

899 1861 1027 1922 Orsmsii
1043 1861 1167 1934 Rector,
1184 1864 1291 1944 virque
1308 1865 1439 1944 Spiritus
1457 1867 1550 1928 divini
1566 1871 1632 1950 ple·

899 1952 1040 2011 nissimus
1056 1959 1087 2010 et
1101 1949 1137 2009 Β.
1154 1951 1193 2011 V.
1206 1955 1320 2014 Mariae
1330 1956 1455 2016 eximius
1464 1959 1564 2018 cultor
1579 1960 1632 2020 ibi-

899 2041 968 2101 dem
984 2039 1102 2098 100001
1118 2042 1168 2120 010
1184 2044 1258 2103 obiit
1273 2041 1566 2124 2.Aug.1698‚aet.
1578 2047 1632 2112 82.

968 2128 1073 2188 Edidit
1087 2128 1193 2190 latine:

902 2219 1142 2279 Lucubratioues
1157 2223 1226 2299 piae
1245 2223 1276 2282 in
1296 2224 1491 2286 ministerium
1513 2228 1636 2307 spiritus
1697 2231 1702 2238 “

950 2318 981 2370 01
995 2309 1187 2387 perfectionis
1207 2313 1368 2392 religiosae
1388 2316 1469 2376 vitae
1491 2316 1637 2378 classibus

951 2399 1109 2458 distinctae
1126 2399 1165 2458 ad
1179 2403 1479 2465 tradendastotidem
1495 2408 1639 2471 recollec-

953 2489 1051 2546 tiones
1075 2489 1247 2567 spirituales
1269 2505 1442 2555 semestres.
1465 2496 1563 2557 Lineii
1584 2498 1637 2558 Jo.

954 2577 1141 2658 Rtidelmayr
1158 2579 1256 2644 1684.
1272 2579 1304 2644 8.

913 2669 1068 2727 Exercitia
1083 2668 1114 2729 S.
1130 2671 1166 2729 P.
1184 2672 1308 2750 ignatii,
1332 2693 1387 2733 seu
1402 2674 1578 2754 Apparatus
1596 2699 1644 2738 as-

958 2758 1069 2816 ceticus
1087 2777 1124 2817 ex
1140 2762 1232 2822 variis
1247 2763 1416 2824 Antoribus
1438 2776 1470 2825 et
1491 2767 1646 2845 Magistris

958 2847 1176 2908 institutionum
1193 2853 1394 2930 spiritualium
1411 2853 1553 2916 collectus
1570 2867 1601 2916 et
1614 2859 1646 2918 in

958 2933 1399 3088 ιἶφί258Δ101001110110000(11000100.
1428 2944 1525 3005 Lineii
1555 2946 1644 3008 idem.

982 3115 1180 3182 Germanice:

913 3205 1083 3266 conciones
1101 3206 1399 3289 Quadragesimales.
1423 3213 1562 3274 Passavii
1582 3217 1645 3277 En·

959 3297 1029 3356 ders
1048 3295 1146 3360 1687.
1163 3297 1195 3361 4.

912 3385 1035 3446 Pascua
1058 3408 1159 3462 sacra,
1191 3409 1246 3450 seu
1270 3389 1438 3452 Oouciones
1460 3395 1491 3453 in
1510 3395 1644 3456 Domini·

958 3497 1008 3535 cas
1026 3479 1120 3536 totius
1132 3481 1211 3538 anni.
1228 3479 1419 3562 Bambergae
1434 3484 1516 3544 Phil.
1532 3486 1646 3546 Parata

961 3564 1060 3628 1692.
1078 3565 1112 3628 4.

943 3687 1037 3739 (1100001.
1052 3689 1102 3727 Bibl.
1116 3691 1173 3729 llrir.
1187 3691 1258 3729 liner.
1272 3692 1332 3730 00010
1347 3699 1366 3730 rt
1380 3691 1459 3742 Scripta
1472 3695 1534 3733 Pror.
1549 3695 1630 3746 aare.)

953 3837 1162 3898 nonem
1185 3836 1346 3911 bucmar,
1370 3839 1478 3911 senior,
1502 3840 1643 3918 explana·

910 3934 942 3985 ta
963 3925 1141 4004 Tyrneviae
1169 3925 1383 4004 Philosophia,
1412 3927 1508 3986 Lincii
1529 3928 1644 3989 altiori-

910 4015 966 4074 bus
983 4016 1094 4074 scholis
1112 4015 1256 4093 praefuit,
1281 4025 1312 4074 et
1329 4035 1415 4075 curas
1437 4019 1641 4078 eonscientiae

909 4104 1063 4177 enodavit,
1086 4105 1219 4184 obiitque
1234 4114 1306 4183 post
1325 4103 1421 4167 1720.

977 4195 1035 4253 Est
1052 4196 1117 4270 ejus
1133 4193 1237 4254 latine:

909 4284 1027 4344 Seneca
1050 4283 1248 4355 Christianus,
1269 4285 1288 4343 i.
1311 4305 1337 4345 e.
1358 4285 1464 4346 Flores
1482 4288 1640 4352 Christiani

953 4395 991 4433 ex
1023 4374 1142 4432 Annaei
1174 4373 1310 4434 Senecae
1335 4377 1485 4456 Epistolis
1513 4380 1640 4441 collecti.

953 4464 1129 4544 'Pyruaviae
1149 4460 1245 4525 1696.
1263 4461 1294 4526 8.

1490 4587 1615 4644 (aarum.)

957 4735 1194 4798 normula
1216 4737 1365 4794 Mrcsann
1376 4734 1487 4812 junior,
1512 4736 1633 4816 Hungu-

911 4843 973 4898 rus,
990 4825 1185 4886 Ρο0001121.
1207 4825 1287 4903 Aug.
1304 4823 1401 4888 1724.
1425 4835 1527 4899 00100,
1549 4827 1631 4887 abso·

911 4912 977 4972 1010
996 4915 1194 4993 Philosophia
1217 4915 1399 4974 Societatem
1422 4913 1557 4976 Viennae
1578 4929 1637 4978 aet.

911 5000 965 5064 20.
986 5005 1156 5084 ingressus,
1181 5015 1212 5064 et
1238 5004 1386 5064 absolutis
1412 5005 1518 5065 studiis
1548 5009 1637 5068 tertio

909 5093 1058 5170 probatus
1083 5115 1119 5154 00
1142 5091 1164 5154 4
1184 5104 1257 5154 vota
1277 5095 1448 5173 professus,
1478 5097 1637 5158 Matbesim

1339 5181 1416 5245 10*
