3948 5946
760 308 1004 376 -215-

164 475 250 528 tatus
266 464 481 547 Soproniensis
498 461 604 542 dictus,
622 487 690 534 eum
705 469 855 550 Princeps
909 471 1124 536 Meditstiones
1155 497 1211 558 pro
1240 479 1381 542 triduana
1402 483 1639 548 Recclleotiont.

163 555 310 616 Nicolans
337 557 512 638 Esterhiuy
529 559 561 619 in
582 580 688 620 munus
716 560 855 640 Supremi
954 563 1093 626 Viennae
1107 567 1440 638 authentiam.

163 644 291 706 Oenius
307 646 520 728 Soproniansis
535 649 725 710 introductus
734 659 823 710 ests.
832 651 852 710 l.
1243 690 1315 744 (M,
1329 697 1349 731 „
1363 693 1441 744 W,
1455 695 1516 733 pm,
1531 693 1613 748 m)

164 733 262 798 1794.
274 732 306 800 4.

117 822 226 884 Oratio
257 827 287 885 in
319 825 502 888 solemnibus
538 829 684 910 Exequiis
719 829 850 890 Ioannis
952 835 1097 900 nm
1120 835 1304 911 enormes,
1335 835 1588 902 concionatorem
1607 841 1639 901 in

161 913 250 993 Ssily
265 916 352 992 primi
367 916 514 997 Episcopi
529 917 731 986 Sabariansis.
755 920 849 982 Saba·
905 922 1066 1004 Hnngaria
1084 927 1221 1006 pluribus
1244 929 1329 990 annis
1353 931 1416 1008 egit
1436 939 1468 992 et
1490 929 1540 1012 pie
1564 930 1638 990 obiit

161 1004 226 1063 riae
245 1001 342 1066 1799.
359 1003 391 1066 4.
905 1014 1039 1077 Neoeolii
1059 1014 1156 1078 1740.

114 1091 152 1152 In
169 1093 521 1172 pinmejuedornobitum.
529 1097 660 1158 Carmen
669 1119 693 1158 s.
709 1099 769 1158 het
779 1117 808 1160 a.
817 1096 849 1160 4.
973 1107 1031 1168 Est
1054 1107 1120 1184 ejus
1135 1107 1244 1168 latine:

116 1181 225 1242 Oratio
257 1183 288 1242 in
318 1185 504 1246 solemnibus
541 1188 686 1268 Exequiis
722 1187 850 1268 Joaephi
903 1194 1004 1256 Verus
1020 1205 1188 1257 contemtor
1204 1196 1306 1258 muudi
1321 1196 1354 1256 8.
1377 1196 1533 1278 Aloyslus.
1558 1199 1635 1258 Pars

162 1271 249 1332 Com.
272 1271 312 1332 de
335 1273 479 1354 Bathyan
504 1276 601 1346 (lard.
617 1288 649 1338 et
671 1277 849 1358 Hungariae
950 1286 1635 1369 I.vitam8aneti,11.orstionemaomplccti·

160 1361 315 1424 Primatis.
332 1363 454 1426 Jaurini
470 1366 613 1445 Streibig.
634 1364 731 1428 1800.
747 1367 778 1430 4.
951 1385 1011 1435 tur.
1028 1374 1221 1457 Claudiopoli
1239 1373 1336 1438 1727.
1356 1374 1409 1440 12.

116 1448 294 1512 Saecularis
324 1453 472 1514 Memoria
503 1456 535 1516 8.
566 1457 709 1535 ImagInis
739 1458 776 1518 B.
809 1457 848 1522 V.
1464 1497 1611 1551 ,(ωια.)

158 1541 370 1622 Mariae,quue
387 1543 542 1608 anicet.
561 1544 612 1608 17.
628 1547 732 1607 Martii
746 1548 776 1608 in
792 1546 848 1607 Cs-

158 1630 290 1691 thedrali
311 1633 451 1694 Ecclesia
469 1634 647 1696 Jaurinensi
667 1637 848 1715 prodigiosis
947 1642 1137 1708 ΙΔΙΜἛΒ
1164 1643 1363 1706 Fusorsoos
1394 1645 1531 1717 stna,
1558 1643 1633 1705 (ier-

158 1721 260 1783 mixtis
283 1724 430 1800 sangnine
446 1723 847 1804 lacrymisimmaduit.0ra-
901 1754 1017 1807 manns,
1035 1733 1156 1795 Graecii
1171 1735 1202 1792 in
1227 1732 1331 1813 Styria
1353 1731 1408 1794 20.
1429 1734 1509 1794 Nor.
1536 1730 1633 1796 1699.

159 1811 203 1869 tio
220 1809 260 1870 ab
275 1811 342 1890 ipso
356 1811 474 1874 Autore
491 1834 529 1874 ex
545 1815 711 1894 hungarico
731 1817 762 1876 in
781 1817 847 1876 lati·
902 1833 1007 1898 natue,
1037 1834 1068 1884 et
1101 1831 1159 1883 eet.
1193 1820 1245 1883 16.
1275 1822 1422 1882 societati
1453 1823 1634 1902 adscriptus,

156 1919 229 1960 num
265 1921 356 1961 versa
392 1923 459 1962 curn
497 1905 694 1984 Praefatione
740 1915 847 1965 contra
902 1913 1026 1973 Poesim
1045 1914 1141 1993 primo
1162 1933 1198 1972 ac
1218 1913 1414 1973 Rhetorioam
1437 1913 1573 1972 Viennae
1604 1913 1635 1971 in

157 1989 309 2048 Wielaudi
332 1991 515 2052 Mercurium
539 1994 771 2055 Solemnitatem
795 1996 847 2054 im·
903 2001 1040 2080 collegio
1062 2002 1244 2062 Academico
1276 2002 1396 2064 biennio
1427 2002 1544 2078 docuit;
1569 2011 1634 2061 tum

159 2087 356 2158 pugnantem.
373 2081 494 2142 Jaurini
511 2079 607 2144 1800.
625 2080 657 2145 8.
903 2091 1105 2154 Concionator
1135 2092 1275 2153 Passavii
1311 2101 1342 2152 et
1378 2091 1567 2170 Olageniurti
1598 2091 1635 2152 iu

110 2167 274 2228 Moralium
291 2168 385 2232 Liber
406 2173 523 2232 unicus.
547 2173 670 2234 Jsmini
693 2171 789 2236 1803.
815 2170 846 2236 8·
902 2191 1042 2262 quartum
1058 2203 1177 2256 annum,
1201 2181 1249 2240 hic
1263 2191 1456 2262 praemature
1476 2179 1561 2256 licet,
1584 2181 1634 2260 pis

155 2255 297 2336 m&
903 2268 1474 2350 mmmmmmm.

108 2346 147 2406 In
162 2348 239 2406 Meo.
256 2347 379 2429 reliquit
394 2350 507 2412 multas
528 2372 631 2412 sacrm
652 2361 684 2414 et
704 2353 845 2432 profanas
969 2361 1072 2422 Edidit
1093 2363 1202 2422 latine:

155 2436 320 2512 ffi⁰fi⁰¹¹⁰⁸s
344 2440 423 2500 inter
438 2461 514 2521 quat
529 2441 682 2504 Funebrit
705 2443 748 2502 Μ·
766 2443 846 2504 The·
901 2451 1009 2512 Amrus
1025 2452 1132 2512 salutis
1154 2449 1384 2514 MDOCXXX.
1406 2469 1517 2510 aureus
1540 2449 1634 2510 soler-

153 2527 254 2588 resiae
269 2528 442 2606 Augustae.
946 2542 1043 2616 tibus,
1071 2541 1216 2602 inertibus
1247 2542 1376 2614 ferrens,
1405 2549 1526 2617 tempus
1557 2539 1635 2598 bene

106 2616 345 2696 Propositioncs
377 2629 409 2680 et
438 2621 621 2708 partitiones
659 2621 844 2682 Contionum
944 2631 1062 2692 locandi
1076 2632 1208 2709 pretinm
1224 2629 1423 2690 commendat.
1434 2629 1511 2691 Stilo
1526 2629 1633 2709 ligate.

153 2707 391 2768 Dominioarnm.
944 2722 1081 2782 Viennae
1097 2720 1223 2798 Voigtin
1242 2717 1339 2780 1730.
1356 2716 1387 2780 8.

107 2795 298 2874 Theologiee
332 2799 454 2859 moralis
491 2801 723 2880 praeceptiones
762 2821 844 2862 nova
897 2809 1152 2889 Meumorphosis
1173 2809 1281 2868 Possis
1306 2809 1469 2888 Elegiecse
1489 2807 1520 2867 in
1544 2807 1633 2868 Esto-

154 2883 317 2960 Methodo,
351 2907 418 2948 cum
442 2888 657 2952 dissertatione
680 2892 718 2952 de
743 2891 843 2953 Theo·
943 2920 1023 2978 gam,
1047 2899 1224 2972 Hernicum,
1249 2899 1421 2976 Satyricsm
1444 2907 1475 2959 et
1498 2895 1633 2958 Comicu-

150 2975 236 3054 logla
250 2978 404 3056 pastorali·
943 2989 1102 3069 tragicam.
1125 2988 1265 3050 Viennae
1280 2988 1408 3066 Voigtin
1424 2984 1523 3048 1731.
1540 2981 1573 3046 8.

105 3064 286 3144 Elegiarnm
302 3067 413 3126 Libros
424 3067 466 3140 H,
482 3068 743 3148 Epigrammatum
751 3091 843 3130 unum
1243 3109 1316 3162 (Μ,
1329 3112 1350 3150 ,.
1362 3108 1441 3158 ew..
1454 3107 1515 3148 pm.
1529 3103 1609 3159 m..)

150 3163 183 3215 et
199 3154 341 3216 Carmina
361 3157 456 3231 rama,
479 3167 513 3218 ut
533 3169 565 3220 et
585 3160 749 3222 Moralium
770 3161 841 3220 Ele·

151 3246 274 3323 8ῑὸ1919
288 3246 397 3307 librum
412 3229 513 3308 Vnum·
943 3277 1133 3342 amem
1139 3273 1502 3349 Gsonnms,eermsnus,
1512 3270 1635 3334 Graerii

104 3335 142 3394 In
157 3335 303 3396 Natalem
326 3337 370 3396 M.
401 3337 566 3398 Therasiae
586 3338 669 3418 Aug.
686 3338 796 3418 Elegia
810 3339 844 3398 11
896 3370 928 3428 in
947 3367 1053 3448 Styri,
1074 3365 1126 3429 17·
1147 3367 1229 3426 No„
1258 3360 1355 3428 1717,
1379 3373 1484 3438 natus,
1517 3371 1550 3424 et
1570 3371 1631 3424 eet,

151 3427 273 3484 n⁰mi¹¹⁰
295 3423 458 3486 ⁰⁰¹¹vl⁰t¹¹⁸
476 3425 508 3487 S·
532 3429 704 3490 A‘hlbffil·
721 3429 843 3510 Tm*
900 3456 952 3520 16.
968 3458 1154 3519 Societatem
1170 3457 1339 3535 amplexus,
1352 3451 1375 3515 4
1390 3463 1464 3514 vota
1476 3451 1632 3534 professus

151 3515 221 3574 Vim
239 3512 337 3578 1769'
356 3516 406 3576 fd·
897 3547 1115 3628 Philosophiae
1132 3567 1168 3607 ac
1188 3545 1379 3623 Theologiae
1398 3544 1531 3617 Ductor,
1554 3543 1633 3602 Poe·

487 3639 789 3727 (ee1,e„,„„1.,;„,‚,)
897 3642 953 3700 sim
968 3639 1068 3718 primo·
1085 3646 1117 3698 et
1130 3636 1324 3697 Rhetoricam
1344 3633 1483 3694 Viennae
1505 3633 1536 3692 in
1560 3629 1627 3692 Gol-

896 3728 977 3808 legio
998 3725 1182 3787 Aeademico
1203 3735 1235 3786 st
1270 3723 1367 3783 altaro
1393 3719 1500 3782 Leobii
1530 3721 1631 3798 Repe·

894 3818 1028 3880 tentibus
1045 3813 1181 3892 tradidit3
1205 3822 1268 3874 tum
1285 3811 1324 3872 ab
1341 3829 1420 3870 anno
1438 3806 1536 3871 1754.
1553 3810 1631 3868 Pro-

154 3911 460 3976 nmnsraue
484 3910 644 3982 Oenones,
662 3908 839 3982 Germanus,
894 3909 991 3968 fossor
1012 3905 1212 3986 Eloquentiae
1233 3919 1340 3962 sacrae
1363 3899 1394 3958 in
1418 3896 1629 3958 Universitate

107 3996 229 4060 Graecii
246 4001 276 4060 in
293 4001 397 4082 Styria
414 3999 443 4063 1.
459 4003 540 4061 Nos.
559 3997 656 4060 1680.
681 3999 764 4058 claro
787 4019 838 4076 ge·
895 3995 1133 4067 Vindobonensi,
1155 4002 1187 4054 et
1209 3991 1249 4052 ab
1269 4009 1349 4051 anno
1377 3984 1475 4092 1765.
1497 3987 1630 4048 Prasscs

106 4109 178 4148 nere
195 4098 289 4164 ortus,
305 4099 336 4150 et
352 4089 482 4154 actiii.
496 4091 641 4152 Societati
658 4087 838 4167 adscriptus,
895 4085 1148 4166 Congregatio'nie
1164 4082 1290 4159 majoris
1305 4081 1477 4153 Mammas,
1503 4077 1627 4138 ebanno

105 4173 217 4237 ‘iveta
232 4182 394 4258 professus,
418 4189 449 4241 et
468 4179 680 4260 Philosophiae
692 4199 728 4237 ao
738 4178 839 4238 Theo·
894 4195 969 4236 vero
1003 4171 1101 4236 1770.
1132 4174 1164 4232 in
1193 4171 1293 4230 Domo
1323 4168 1462 4249 professe
1498 4166 1629 4228 Praenes

105 4266 206 4347 legiae
222 4267 350 4344 Doctor,
373 4271 534 4332 Mathcsim
549 4269 694 4342 Viennae,
720 4267 840 4329 Graeoii
895 4263 1148 4344 congregationis
1181 4261 1400 4330 Dominorum,
1430 4275 1527 4337 usque
1557 4255 1629 4316 dnm

104 4353 289 4418 Polemicam
316 4370 347 4420 ot
367 4360 514 4420 Moralem
534 4358 644 4418 docuit.
667 4359 747 4417 'I'nm
767 4356 838 4418 Mis·
895 4355 1014 4416 sublato
1039 4351 1154 4412 Ordine
1179 4351 1319 4411 Ecclesia
1343 4347 1419 4408 haee
1439 4367 1459 4407 s
1487 4344 1627 4452 Josephn

105 4445 189 4506 sione
206 4445 312 4508 Indica
332 4449 390 4509 sibi
411 4459 537 4529 negata,
561 4449 600 4509 ad
620 4449 766 4528 populum
786 4467 837 4507 an·
893 4445 936 4504 II.
968 4446 998 4503 in
1028 4441 1208 4502 Parochiam
1239 4445 1508 4511 transmutaretur,
1540 4455 1626 4540 cupos

104 4535 150 4595 nis
172 4533 216 4597 12
238 4537 360 4618 tityrum
382 4538 509 4600 Orcmsii
524 4547 555 4599 et
575 4539 671 4598 Lincii
691 4537 780 4608 dixit,
807 4545 838 4597 et
892 4535 961 4613 ipse
976 4532 1117 4605 Curatur,
1132 4531 1300 4592 indefessus
1322 4547 1443 4606 semper
1458 4523 1625 4628 Operarms

104 4623 172 4685 hirro
198 4626 324 4687 totidem
347 4629 409 4690 iere
437 4629 522 4688 arinis
555 4627 717 4707 (hyrenem
756 4627 837 4704 Aug.
893 4643 990 4705 usqne
1029 4619 1069 4682 ad
1096 4619 1212 4682 obitum
1233 4639 1319 4680 snum
1348 4618 1414 4688 fnit,
1438 4615 1488 4695 qui
1518 4613 1626 4673 accidit

104 4713 309 4795 imperatricis
326 4719 443 4780 Viduae
459 4718 596 4778 Amaliae
618 4737 636 4776 a
658 4715 836 4776 saomscon·
895 4711 946 4776 19.
963 4711 1035 4772 Ian.
1056 4707 1152 4774 1795.
1170 4719 1229 4770 aet.
1249 4705 1301 4770 78.

102 4804 283 4866 tesstom'bos
299 4808 364 4868 fuit.
379 4809 471 4868 Rexit
488 4808 556 4867 dein
572 4805 741 4884 Collegium
755 4806 836 4866 Neo·
959 4801 1065 4862 Edidit
1079 4802 1186 4864 latine:
1411 4882 1418 4896 ι

107 4895 268 4968 erudiente,
293 4917 328 4956 so
359 4899 477 4958 demum
507 4897 645 4956 Viennae
674 4896 705 4955 in
735 4895 835 4955 Domo
891 4891 1055 4954 Paetorum
1075 4888 1360 4950 Ecclesiasticorum
1382 4882 1476 4941 Liber
1496 4881 1569 4940 vn.
1594 4891 1625 4940 et

103 4985 241 5064 professa
254 4987 304 5066 pie
321 4989 398 5048 obiit
414 4986 445 5051 5.
462 4987 542 5048 Jntii
561 4982 734 5048 17541111.
753 4981 807 5046 74.
937 4981 1026 5042 VIII.
1047 4981 1119 5040 item
1141 4978 1220 5036 liber
1239 4976 1299 5035 XI.
1321 4983 1352 5033 et
1379 4970 1455 5032 XII.
1485 4967 1623 5064 Carmen.

170 5073 274 5136 Edidit
290 5079 473 5156 germanice:
936 5071 1074 5132 Viennae
1089 5065 1250 5128 Keliwoda
1269 5060 1365 5126 1750.
1382 5069 1414 5122 et
1431 5057 1529 5123 1751.
1547 5057 1577 5121 8.
