3990 5950
1019 351 1264 416 -150-

383 521 511 574 stettero
528 533 564 574 ac
569 515 732 595 praecipue
747 515 872 576 Denisio
889 517 920 576 in
943 516 1023 576 omni
1037 515 1114 576 litte·

320 645 324 662 .
383 623 485 663 rarum
493 624 604 682 genere
620 606 715 684 magis
736 606 834 666 adhuc
850 607 1000 668 excultus.
1018 605 1116 665 Paulo

384 701 456 752 ante
488 692 633 752 abolitum
660 693 804 756 Ordinem
838 695 948 756 celebri
979 695 1115 774 collegio

386 782 520 842 Nordico
537 783 633 842 Lincii
650 785 773 862 Regens
790 784 879 846 datus
903 795 958 860 est,
983 787 1032 845 cui
1053 805 1110 846 nm·

385 873 415 931 ni
432 891 498 932 cunr
521 873 610 932 laude
628 875 775 952 praefuit,
800 875 871 935 dum
888 897 966 935 anno
986 871 1083 936 1778.
1096 897 1115 935 a

385 961 427 1021 M.
445 961 592 1023 Therasia
606 962 765 1042 Augousta,
780 966 826 1024 cui
841 966 900 1024 viri
916 967 1024 1044 pietas,
1047 985 1116 1044 pru-

387 1050 489 1112 dentia
509 1062 540 1112 et
561 1052 700 1112 doctrina
724 1054 835 1114 dudum
855 1065 1018 1134 perspecta
1042 1063 1117 1128 erat,

1170 517 1228 593 vit;
1258 524 1292 577 ut
1318 524 1350 576 et
1380 515 1512 596 negotiis
1544 514 1682 576 omuibus
1711 513 1881 577 dioecesanis

1170 608 1260 667 etiam
1274 607 1404 666 minimis
1421 605 1460 666 ed
1475 606 1505 666 id
1520 626 1617 687 usque
1633 616 1752 686 tempus
1766 606 1825 666 fera
1843 625 1882 665 so

1168 697 1216 757 lus
1232 696 1403 775 perfunctus
1419 705 1476 757 est.
1500 695 1715 756 characterem
1729 697 1794 773 ejus
1814 695 1884 776 quod

1169 789 1291 858 attinet,
1315 787 1434 846 illibata
1453 785 1528 846 fides
1552 795 1583 846 et
1604 785 1721 846 fervida
1740 785 1882 844 Ecclesiae

1170 876 1348 936 Catholicae
1364 877 1490 956 ejusque
1506 875 1608 956 Capiti
1631 875 1780 946 adhaesio,
1794 875 1880 952 pistas

1172 986 1286 1026 summa
1308 967 1339 1026 in
1358 966 1458 1026 Deum
1481 975 1513 1026 et
1536 965 1669 1025 Caelites
1690 972 1722 1024 et
1742 965 1817 1023 inter
1835 963 1883 1022 hos

1152 1114 1156 1124 ,
1171 1057 1335 1136 praecipue
1350 1057 1382 1116 iu
1397 1056 1432 1114 B.
1444 1056 1484 1114 V.
1492 1056 1620 1128 Mariam
1636 1063 1667 1112 et
1683 1051 1715 1112 S.
1729 1053 1885 1130 Aloysium,

385 1141 573 1201 Florentiam
593 1144 778 1216 mitteretur,
802 1153 836 1204 ut
856 1147 986 1222 juvenes
1009 1145 1117 1206 Archi·
1167 1147 1308 1225 justitiae
1324 1146 1471 1205 tenacitas
1492 1165 1559 1204 cum
1580 1142 1807 1203 mansuetudine
1821 1143 1884 1218 jun·

383 1231 478 1292 duces
498 1240 529 1290 et
546 1233 626 1292 inter
641 1233 696 1293 bos
710 1235 808 1313 primo
831 1234 898 1294 loco
921 1234 1118 1296 Franciscum

387 1321 455 1381 dein
480 1321 623 1382 Auernae
643 1323 876 1403 Imperatorem,
899 1325 930 1384 in
957 1327 1117 1406 Religione

388 1419 419 1470 et
435 1411 766 1489 Historiainstitueret3
783 1413 1028 1496 quodutrnmque
1039 1439 1116 1477 sum·

386 1521 436 1559 ma
451 1519 518 1560 cum
534 1502 740 1562 satisfactione
751 1503 912 1583 praestitit.
930 1505 1046 1568 Crebra
1062 1509 1116 1568 eti-

387 1610 435 1648 am
450 1588 498 1649 bic
514 1590 542 1649 ei
557 1594 749 1652 conversatio
766 1613 831 1652 cum
847 1593 1117 1659 EruditisFloren-

387 1680 447 1739 tiae
462 1679 528 1752 fuit,
551 1700 607 1740 nec
621 1681 817 1742 Eruditorum
833 1683 894 1743 fere
910 1685 990 1746 ullus
1007 1709 1024 1748 e
1040 1687 1116 1748 Ger·

387 1769 489 1828 mania
513 1771 703 1848 potissimum
725 1774 863 1845 transiit,
891 1777 941 1854 qui
969 1798 1029 1838 non
1049 1798 1118 1839 eum

388 1859 549 1932 inviseret,
574 1869 605 1919 et
621 1860 802 1922 litterarium
823 1869 1030 1928 commercium
1051 1889 1119 1930 cum

388 1968 425 2008 eo
442 1947 602 2008 ordiretur.

435 2035 513 2096 Cum
540 2058 619 2098 anno
643 2037 739 2102 1780.
767 2043 942 2121 Leopoldus
967 2049 1120 2109 Viennam

389 2126 578 2200 concederet,
592 2126 616 2188 J
618 2131 724 2210 osephi
739 2131 1041 2219 defunctiImperium
1056 2159 1119 2198 sus-

390 2225 549 2296 cepturus,
573 2216 797 2296 Sigismundum
814 2241 933 2308 quoque
949 2247 1050 2287 secum
1074 2249 1120 2290 re·

390 2307 481 2384 cepit,
490 2325 577 2386 quem
591 2327 658 2367 cum
674 2301 856 2390 aliquamdiu
863 2317 958 2377 vitam
970 2317 1121 2395 privatam

391 2395 497 2456 studiis
515 2415 550 2455 ac
576 2401 755 2476 praesertim
781 2401 937 2466 Historiae
960 2407 1121 2468 Lotbariu·

391 2487 460 2565 giae
467 2485 644 2547 scribendae
650 2489 805 2549 immersus
812 2497 1015 2570 egisset,anuo
1026 2495 1121 2559 1792.

391 2595 447 2656 pro
468 2575 572 2634 officiis
589 2576 647 2636 sibi
670 2587 731 2638 tarn
748 2581 952 2660 singularibus
969 2587 1123 2666 praestitis

392 2665 583 2744 Episcopatu
600 2666 787 2746 Tergestino
804 2677 989 2750 praemiatus
1007 2687 1064 2737 est.
1081 2677 1125 2738 st

388 2757 455 2834 jam
470 2754 601 2814 triennio
618 2776 679 2816 non
695 2757 801 2838 elapso
823 2764 1003 2826 Franciscos
1026 2767 1124 2847 Impe-

392 2853 479 2905 rator
507 2845 706 2923 perdilectom
731 2849 938 2916 Institntorem
959 2875 1046 2916 suum
1067 2857 1126 2936 pri·

391 2953 473 2994 mum
488 2933 526 2992 ad
543 2933 652 2995 Sedens
667 2937 880 3021 Episcopalem
897 2943 1126 3026 San-Hyppoli-

395 3032 499 3082 tanam
514 3023 545 3082 iu
561 3024 695 3100 Austris,
710 3037 740 3088 et
755 3030 824 3090 binc
843 3031 940 3096 1803.
959 3035 997 3095 od
1019 3035 1127 3097 Sedens

394 3113 659 3191 metropolitanam
668 3116 871 3182 Viennensem
880 3125 1045 3185 transtulit.
1068 3125 1127 3187 Die

396 3204 466 3281 ipsa
481 3203 637 3281 ingressus
653 3207 700 3264 sui
717 3227 736 3266 a
752 3207 783 3267 S.
799 3210 946 3273 Pontifice
966 3235 1022 3292 per
1042 3215 1127 3274 Nun-

395 3293 471 3350 tium
487 3311 574 3350 anum
589 3293 690 3353 Pallio
707 3294 867 3358 decoratus
879 3310 966 3362 estet
981 3311 1049 3362 utut
1063 3302 1127 3382 dig-

397 3381 508 3440 nitates
530 3399 634 3440 omnes
656 3383 787 3460 fugeret,
816 3389 963 3470 Princeps
991 3393 1127 3470 Imperii,

397 3471 527 3546 Magnas
544 3469 734 3549 Hungariae,
751 3474 881 3537 Praeses
899 3478 1127 3541 commissionis

398 3557 515 3618 aulicae
532 3558 701 3620 scholarum
716 3567 954 3641 germanicarum
975 3582 1006 3630 et
1029 3567 1126 3632 1808.

396 3649 562 3708 uec-erecti
578 3645 701 3710 Ordinis
717 3653 895 3734 Leopoldini
912 3659 1073 3720 Praelatus
1097 3671 1129 3720 et

397 3757 523 3816 magnus
540 3737 678 3800 (truciter
692 3745 861 3805 nominatus
871 3749 1128 3829 estNullusbap-

397 3829 503 3886 tlemus
521 3839 689 3910 susceptus,
705 3833 819 3894 nullom
833 3837 1014 3899 connubium
1025 3841 1056 3898 in
1071 3839 1130 3898 sa-

396 3916 480 3975 milia
501 3915 654 3978 Caesarea
676 3921 784 3982 initum
804 3933 859 3998 est,
880 3927 986 4009 inquo
1007 3929 1074 4008 ipse
1098 3927 1130 3988 S.

397 4005 505 4066 Officio
532 4027 593 4067 non
623 4011 869 4092 perfungeretur;
898 4026 1051 4097 postremo
1071 4017 1130 4078 Ar·

399 4095 552 4155 cbiducem
587 4097 796 4180 Rudolpbum,
824 4107 889 4182 jam
922 4105 1131 4181 cardinalem,

398 4184 666 4266 Arcbiepiscopum
682 4189 914 4254 Olomucensem
930 4197 1130 4256 consecrarit.

396 4275 502 4334 Prima
525 4279 590 4353 ejus
614 4298 687 4337 cura
708 4281 890 4362 episcopalis
916 4285 1065 4347 educatio
1081 4287 1132 4364 ju·

399 4365 485 4422 verris
502 4363 585 4424 Cleri
600 4367 667 4440 fuit,
693 4371 776 4447 cujus
793 4373 984 4434 examinibus
1011 4395 1132 4455 semper

397 4455 545 4527 interfuit,
575 4453 774 4518 ordinandum
799 4463 893 4522 sacris
915 4463 1130 4524 exhortationi-

399 4544 455 4604 bus
478 4547 690 4624 praeparavit,
715 4558 746 4609 et
769 4547 955 4612 dotationem
983 4552 1130 4613 Alumua·

398 4641 447 4692 tus
464 4653 526 4692 nou
541 4633 732 4696 mediocriter
748 4641 843 4714 suxit.
860 4640 898 4700 In
915 4641 1067 4702 visitanda
1087 4641 1130 4702 di·

399 4725 499 4783 oecesi
523 4723 661 4786 assiduus
682 4729 752 4802 fuit,
776 4729 892 4789 nullum
916 4731 1052 4791 laborem
1078 4751 1130 4790 ve·

399 4813 488 4886 ritus,
513 4814 588 4874 adeo
605 4826 639 4874 ut
660 4836 810 4896 pauperes
831 4819 921 4878 etiam
944 4828 975 4880 et
997 4821 1130 4880 infirmos

398 4901 428 4960 in
444 4903 506 4961 suis
523 4905 649 4982 tuguriis
671 4906 767 4966 verbo
784 4917 814 4967 et
835 4908 1031 4988 eleemosyna
1052 4908 1130 4968 sola·

397 5000 496 5063 retur,
525 4990 614 5072 idque
645 4995 787 5074 quamdiu
817 4998 897 5056 vires
924 5007 1130 5079 suppeterent,

398 5080 429 5138 in
449 5079 634 5160 decrepitam
650 5103 746 5166 usque
766 5096 952 5148 senectutem
977 5089 1131 5148 continna-

1172 1245 1234 1309 cta,
1255 1244 1360 1294 tenera
1376 1236 1408 1293 in
1419 1234 1750 1314 Principemtotamque
1765 1233 1826 1309 ejus
1841 1231 1885 1290 do·

1171 1345 1250 1386 mum
1266 1323 1402 1398 adfectio,
1421 1326 1464 1384 ita
1479 1333 1513 1383 ut
1532 1324 1628 1382 omnis
1642 1341 1782 1401 pompae,
1794 1319 1842 1379 otii
1862 1329 1895 1380 et

1172 1417 1268 1474 omnis
1285 1415 1432 1496 profanae
1448 1413 1644 1474 recreationis
1660 1413 1747 1489 fuga,
1771 1409 1841 1468 adeo
1858 1419 1887 1468 ut

1171 1525 1227 1565 nec
1240 1503 1370 1564 dominia
1378 1504 1492 1562 ruralia
1502 1523 1634 1582 unquam
1642 1499 1826 1560 refocillandi
1837 1499 1889 1556 ani·
1972 1550 1973 1565 ,

1171 1596 1211 1654 mi
1222 1593 1485 1664 causaaccederet,
1502 1591 1557 1652 sed
1563 1591 1778 1662 deambulatio,
1787 1589 1832 1648 vel
1845 1607 1890 1646 ve·
1972 1611 1973 1670 t

1173 1686 1310 1766 sper-tina
1325 1703 1392 1743 cum
1406 1683 1480 1742 viris
1506 1681 1684 1764 quibusdam
1705 1679 1808 1760 probis
1830 1697 1889 1736 con-

1172 1775 1305 1838 versatio
1323 1773 1419 1834 omnis
1435 1775 1501 1851 ejus
1517 1771 1665 1832 recreatio
1681 1777 1777 1843 esset,
1798 1785 1892 1826 mensa
1972 1797 1973 1820 ι

1172 1867 1298 1945 frugalis
1314 1873 1345 1924 et
1363 1863 1435 1922 binc
1454 1881 1555 1922 rerum
1576 1860 1706 1920 omnium
1730 1877 1847 1917 suarum
1865 1857 1890 1913 in

1174 1973 1323 2037 pauperes
1343 1961 1430 2012 tanta
1450 1950 1600 2033 profusio,
1624 1959 1658 2008 nt
1677 1949 1731 2007 vix
1747 1946 1892 2028 quidquam

1174 2047 1373 2125 relinqueret,
1406 2039 1575 2122 aequabilis
1611 2040 1642 2098 in
1674 2037 1755 2096 omni
1784 2037 1893 2094 fortuna

1175 2137 1306 2204 animus,
1336 2151 1424 2212 quem
1453 2130 1641 2210 potissimum
1667 2128 1699 2186 in
1733 2127 1839 2185 iterato
1857 2123 1892 2181 in·

1175 2245 1265 2285 cursu
1295 2219 1397 2281 hostili
1428 2219 1579 2291 exhibuit,
1611 2215 1741 2295 simplex
1768 2214 1893 2292 deniqne,

1176 2313 1331 2375 uniformis
1347 2320 1377 2370 et
1397 2311 1539 2389 religiosa
1561 2305 1685 2367 vivendi
1709 2305 1801 2376 ratio,
1823 2301 1894 2362 ouis

1173 2407 1333 2484 juventute
1350 2409 1488 2460 assuetus
1505 2407 1580 2470 erat,
1596 2416 1658 2456 non
1673 2395 1803 2454 fucatam
1817 2391 1894 2469 Epis-

1178 2494 1245 2574 copi
1260 2491 1455 2552 consummati
1471 2487 1565 2548 etviri
1579 2505 1654 2546 vere
1670 2483 1829 2564 apostolici
1837 2499 1894 2540 nor·

1178 2603 1257 2644 mam
1284 2579 1432 2661 praebent
1456 2580 1620 2657 vivamque
1645 2574 1816 2652 imaginem.
1844 2569 1895 2627 De·

1178 2675 1269 2754 nique
1285 2691 1351 2732 cum
1367 2671 1460 2730 vitam
1476 2668 1555 2727 hanc
1570 2668 1602 2725 iu
1618 2684 1730 2724 aunum
1750 2659 1895 2737 nonagesi-

1180 2783 1260 2823 mum
1286 2763 1414 2842 primam
1434 2758 1649 2838 protraxisset,
1673 2762 1705 2814 et
1730 2752 1833 2812 aldum
1854 2745 1896 2806 sd·

1179 2853 1239 2913 buc
1253 2870 1356 2912 mense
1376 2849 1583 2908 visitationem
1604 2843 1738 2904 ruralem
1758 2839 1896 2908 subiisset,

1180 2941 1348 3002 Ecclesiam
1373 2940 1404 2998 in
1425 2937 1570 2998 suburbio
1599 2939 1809 2994 consecrasset
1828 2927 1897 2988 etin

1180 3033 1276 3092 Festo
1300 3027 1438 3110 jubilaeo
1464 3027 1528 3085 ΡΡ.
1556 3025 1756 3084 Piaristarum
1785 3019 1897 3080 Sacrum
1973 3019 1974 3026 ’

1182 3121 1316 3182 solemne
1331 3119 1467 3190 dixisset,
1483 3117 1624 3195 viresque
1640 3113 1670 3171 in
1685 3111 1791 3190 plures
1814 3105 1898 3166 odhuc
1973 3125 1974 3170 3

1182 3231 1277 3272 annos
1290 3217 1454 3288 suppetere
1469 3203 1657 3277 viderentur,
1673 3221 1713 3262 ex
1728 3197 1836 3260 infelici
1843 3195 1897 3272 lap·

1183 3321 1229 3374 su,
1266 3300 1317 3380 qui
1344 3296 1397 3360 21.
1421 3294 1508 3356 duuii
1533 3302 1626 3353 noctu
1661 3290 1801 3367 contigit,
1827 3302 1897 3344 acce·

1182 3389 1272 3449 dente
1287 3405 1463 3466 gangraena
1478 3403 1607 3444 summos
1623 3383 1701 3440 iuter
1724 3379 1839 3438 dolores
1854 3391 1898 3452 pa·

1183 3479 1362 3538 tientissime
1378 3475 1525 3535 toleratos
1542 3470 1690 3550 susceptis
1706 3469 1899 3527 maximarum

1183 3569 1296 3646 pietate
1322 3565 1457 3625 omnibus
1482 3561 1674 3622 morientium
1700 3551 1899 3618 sacramentis,

1184 3677 1297 3716 summo
1318 3655 1399 3715 Cleri
1423 3663 1454 3714 et
1487 3653 1618 3713 omnium
1639 3647 1789 3709 Ordinum
1817 3641 1898 3702 totins

1183 3727 1899 3820 Archidioecesisdolore,piissimeobiit30.Junii

1186 3833 1283 3897 1820.
1306 3835 1405 3894 Paulo
1428 3841 1497 3892 ante
1516 3837 1643 3890 mortem
1666 3827 1746 3886 illius
1774 3821 1899 3884 desultae

1185 3944 1224 3986 ex
1243 3925 1356 3986 Russia
1376 3922 1456 4002 pulsi
1477 3931 1507 3980 et
1526 3919 1648 3980 Italiam
1670 3923 1808 3996 petentes
1829 3920 1900 3968 trau·

1186 4013 1302 4074 seundo
1328 4031 1384 4092 per
1409 4011 1565 4070 Austriam
1596 4007 1746 4066 Viennam
1770 4015 1900 4082 perrone·

1185 4112 1265 4164 runt.
1277 4101 1378 4161 Senex
1392 4097 1620 4178 Archipreesnl,
1636 4097 1687 4176 qui
1701 4111 1797 4174 usque
1816 4086 1851 4148 ad
1865 4085 1900 4142 vi·

1186 4203 1236 4253 tae
1256 4193 1344 4250 tinem
1365 4190 1481 4248 sincero
1504 4189 1612 4248 affectu
1633 4195 1664 4244 et
1688 4193 1792 4243 tenero
1812 4191 1901 4237 amoro

1187 4301 1260 4360 erga
1277 4280 1459 4339 Societatem
1469 4277 1669 4346 afficiebatur,
1684 4273 1900 4365 sslosperamau·

1187 4381 1234 4430 ter
1255 4370 1410 4448 amplexus
1432 4377 1491 4440 est,
1520 4367 1624 4445 plures
1649 4381 1754 4424 eorum
1782 4354 1900 4434 hospius

1187 4459 1320 4538 excepit,
1353 4455 1486 4538 quotidie
1507 4455 1624 4535 aliquos
1649 4451 1688 4512 ad
1707 4466 1838 4509 mensam
1856 4459 1900 4498 vo·

1187 4550 1268 4609 cavit
1284 4558 1315 4607 et
1330 4566 1439 4625 magno
1457 4546 1545 4604 animi
1561 4543 1672 4623 gaudio
1692 4541 1730 4600 de
1751 4535 1838 4598 rebus
1858 4549 1900 4589 an·

1186 4640 1288 4718 tiquae
1310 4635 1470 4696 Societatis
1500 4631 1746 4713 colloquebatur;
1775 4627 1858 4684 immo
1876 4625 1903 4674 ct

1185 4728 1315 4786 moriens
1331 4726 1436 4798 voluit,
1460 4733 1493 4782 ut
1508 4722 1630 4793 Patres,
1651 4719 1700 4800 qui
1716 4727 1786 4776 tunc
1800 4723 1901 4786 tempo·

1186 4818 1228 4876 ris
1248 4817 1278 4874 in
1301 4815 1379 4874 illius
1402 4813 1523 4874 Palatio
1549 4809 1760 4878 morabantur,
1790 4813 1901 4882 quorum

1186 4925 1263 4965 unus
1279 4905 1314 4963 P.
1332 4903 1508 4962 Vincentius
1524 4896 1701 4978 Bucaynski
1713 4897 1777 4964 fuit,
1792 4890 1835 4950 illi
1848 4903 1901 4984 mo:

1185 4995 1275 5054 rienti
1283 4993 1470 5052 assisterent.
1483 4991 1588 5052 Funus
1604 4989 1670 5066 ejus
1683 4983 1761 5046 omui
1779 4977 1901 5056 digniltll

1186 5085 1254 5162 ejus
1280 5089 1470 5162 competente
1498 5078 1674 5140 celebritate
1701 5074 1824 5143 elatum,
1847 5081 1901 5122 00¹·
