3990 5950
770 370 993 436 -75..

116 529 311 682 DuoEElibili
343 620 513 683 Cuminum
549 621 710 684 latinorum
742 623 851 686 Caesa·

161 733 226 772 rum
249 713 479 772 austriacorum
495 713 675 791 Spectacula
698 733 717 774 a
738 711 851 774 Rudol·

161 801 220 880 pho
262 801 288 860 I.
330 801 368 862 sd
403 802 575 880 Josephum
598 805 623 864 I.
653 805 850 864 continentes.

162 891 281 950 Graecii
300 889 396 954 1707.
413 901 445 952 et
460 888 491 953 8.
507 891 537 952 in
556 890 609 954 12.
631 903 663 954 et
676 895 708 954 in
722 891 849 954 Analec-

161 983 198 1039 tis
215 981 338 1040 Kleinii.

182 1070 218 1130 In
234 1073 330 1149 primo
345 1071 447 1131 libello
464 1072 645 1132 continetur:

115 1159 245 1220 Carmen
261 1162 388 1239 epicum,
412 1163 477 1221 scil.
499 1162 658 1242 Epinicion
678 1161 716 1222 ad
735 1159 849 1222 Rudol·

160 1249 252 1328 phum
268 1252 295 1310 Ι.
310 1251 491 1325 Herbotum,
524 1253 574 1332 qui
598 1253 663 1331 ejus
684 1253 848 1334 vitaeinsi·

159 1338 311 1414 diabatnr,
340 1341 483 1420 singulari
506 1343 667 1402 certamine
694 1343 848 1403 conficien-

159 1436 230 1488 tem.

114 1517 251 1576 Alterum
268 1518 305 1577 ad
324 1518 485 1578 ailbertum
506 1520 532 1578 1.
555 1519 731 1600 Adolphum·
750 1521 848 1599 Impe-

159 1607 195 1666 rii
210 1607 359 1667 aemulum
383 1617 582 1687 superantem.
606 1610 726 1670 Graecii
750 1608 847 1672 1707.

115 1785 244 1844 Carmen
266 1785 496 1864 gratulatorium
522 1787 642 1847 Alberti
674 1789 716 1848 Π.
747 1787 847 1850 mode-

160 1875 246 1934 stiae.

115 1965 191 2024 Item
211 1965 406 2042 Imperatoris
423 1965 568 2026 Friderici
590 1966 713 2026 Pulchri
728 1967 844 2045 pietati.

116 2054 191 2112 Item
206 2053 359 2114 Priderico
384 2055 439 2116 IV.
461 2056 610 2116 seditiosis
633 2057 785 2136 parcendo
806 2059 845 2116 ci-

157 2143 245 2203 vibus
261 2145 307 2204 sui
323 2145 416 2221 ipsius
432 2146 548 2206 victori.

114 2232 188 2292 Item
205 2235 408 2294 Maximiliano
425 2236 450 2294 I.
468 2235 508 2296 ob
525 2237 642 2296 leonem
659 2246 844 2316 superatum.

158 2322 276 2383 Graecii
295 2321 392 2384 1707.
410 2327 485 2384 etin
501 2327 614 2386 Kleinii
628 2325 794 2387 analectis.

180 2412 217 2470 In
233 2413 381 2473 secundo:

115 2499 241 2560 Carmen
256 2503 328 2562 itero
343 2503 480 2582 Epicum,
494 2505 525 2562 in
542 2525 600 2585 quo

115 2591 231 2650 Laurus
253 2592 440 2670 triumphalis
461 2613 516 2652 seu
531 2594 686 2674 Principes
702 2597 846 2658 victoriae

157 2679 214 2740 hoc
230 2680 310 2740 bello
327 2681 436 2762 gallico
454 2683 491 2742 de
507 2683 643 2744 hostibus
659 2686 785 2746 feliciter
799 2706 845 2746 re·

156 2770 245 2833 latae.

114 2859 306 2936 Trophaeum
328 2861 439 2921 Carolo
461 2862 501 2922 V.
518 2863 646 2923 maximo
675 2863 846 2924 iracundiae

157 2947 303 3008 domitori.
841 2977 847 2990 ·

114 3034 242 3097 Carmen
265 3041 480 3119 panegyricum
499 3041 690 3102 Perdinaudo
712 3043 739 3102 I.
765 3044 845 3102 Reli·

158 3127 255 3202 gionis
272 3129 373 3188 avitae
389 3132 615 3208 propugnatori.

114 3213 243 3276 Carmen
275 3219 436 3278 sotericum
459 3220 662 3280 Maximiliauo
694 3219 738 3280 11.
762 3221 846 3282 fatali

156 3307 289 3384 periculo
313 3305 464 3370 defuncto.

114 3393 243 3454 Carmen
258 3399 481 3475 parenaeticum
497 3397 661 3478 Rudolpho
678 3399 720 3458 11.

111 3485 267 3562 Epiniciou
288 3485 412 3548 Caesari
431 3489 576 3548 Matthiae
596 3490 710 3568 pietate
730 3489 759 3549 in
780 3491 844 3550 Nu·

154 3594 222 3634 men
238 3575 366 3635 Urbium
387 3579 595 3656 expugnatori.

110 3663 193 3722 Mars
209 3667 420 3744 conjugalibus
435 3668 466 3726 in
480 3668 607 3728 vinctdis
619 3669 772 3747 pacificus,
789 3688 844 3728 seu

155 3752 351 3830 Hymenaeus
375 3755 735 3836 Hispano-Austriacus,
756 3777 843 3837 para·

156 3841 242 3901 doxis
257 3862 357 3904 rerum
373 3847 494 3906 evoluto
499 3848 564 3925 jam
581 3866 659 3905 anno
676 3843 772 3908 1707.
788 3867 845 3926 per

156 3931 312 4010 Europam
334 3943 487 4011 gestarum
519 3953 692 4014 expressus.
726 3933 844 3998 Graecii

158 4017 255 4081 1708.
280 4018 311 4086 8.
336 4042 429 4100 prosa
448 4032 481 4084 et
500 4025 662 4084 carminum
693 4026 777 4086 vario
792 4045 843 4105 ge·

155 4131 238 4173 nere.

334 4302 408 4354 (Gesta
422 4309 443 4342 st
456 4304 535 4354 Scripta
548 4305 609 4344 Pror.
622 4305 688 4346 Autr.
702 4306 816 4360 ent-tur.)

154 4466 306 4528 EROESS
322 4468 460 4542 Pauuus,
475 4467 651 4547 Euagorae,
668 4470 788 4530 Nobilis
804 4471 842 4530 de

112 4553 356 4614 liothlehenfalva
387 4556 608 4634 Satropkoviae
637 4561 666 4620 in
690 4558 843 4620 Comitatu

111 4642 322 4720 Zompliniensi
337 4641 391 4710 25.
409 4646 482 4712 Jau.
502 4643 599 4712 1733.
616 4657 719 4722 natus,
736 4657 767 4708 et
782 4657 841 4712 aet.

112 4727 164 4793 15.
182 4732 324 4792 SocIctati
338 4735 562 4809 adnumeratus,
573 4739 707 4818 exceptis
724 4737 843 4798 Graecii

108 4831 138 4876 ot
157 4821 331 4898 Tyrnariae
347 4823 502 4886 altIoribus
518 4827 638 4902 studiis,
653 4828 700 4888 hic
715 4829 746 4888 iu
763 4825 842 4888 Con·

110 4909 250 4970 tubernio
275 4914 359 4990 regio
382 4911 399 4974 7
423 4915 507 4974 nmis
531 4914 665 4976 Comites
681 4917 843 4976 Esaterhd-

107 4999 215 5058 zianos
236 5001 420 5076 moderatus,
452 5004 490 5064 ab
512 5025 559 5066 an.
587 5002 683 5069 1771.
707 5006 843 5067 Philoso-

105 5088 207 5166 phiam
215 5089 383 5153 Cassovise
400 5092 510 5166 docuit,
521 5103 552 5154 et
567 5105 636 5174 post
651 5097 844 5157 abolitionem

907 555 956 600 an.
976 530 1073 598 1791.
1085 533 1225 613 Capitulo
1236 533 1457 598 Canonlcorum
1465 537 1641 616 Scepusiea·

908 625 983 684 sium
999 625 1170 684 meritorum
1186 645 1260 704 ergo
1276 627 1405 686 insertus
1422 634 1478 690 est.

974 715 1031 773 Est
1047 716 1112 794 ejus
1127 715 1233 775 latine:

906 802 947 868 D.
978 803 1034 862 Ivo
1066 805 1202 864 oratione
1232 806 1418 886 panegyrica
1456 805 1637 868 celebratus.

951 894 1125 972 Tyrnariae
1144 891 1240 958 1762.
1258 891 1288 958 8.

1486 1016 1611 1068 (esaar.)

949 1181 1058 1245 ΕΒΗ.
1090 1181 1226 1242 Tuouas
1241 1201 1261 1256 ,·
1283 1180 1452 1243 Germanus
1483 1181 1513 1239 in
1545 1178 1637 1238 Clara

902 1269 1001 1346 Valle,
1016 1272 1109 1352 vulgo
1127 1271 1267 1345 Zwottel,
1299 1271 1440 1332 austriae
1455 1269 1506 1331 inf.
1524 1269 1635 1347 oppido

903 1371 992 1422 natus
1009 1359 1039 1422 3.
1056 1361 1130 1422 Dec.
1151 1355 1264 1434 1700,
1289 1370 1320 1420 et
1336 1370 1394 1421 aet.
1420 1357 1470 1420 18.
1494 1357 1636 1418 Societati

903 1451 1080 1530 adscriptus,
1112 1448 1134 1511 4
1155 1461 1228 1510 vota
1249 1452 1417 1528 professus,
1440 1449 1578 1508 Viennae
1607 1447 1636 1506 in

903 1541 1039 1619 Collegio
1063 1540 1184 1600 Poeeim
1200 1560 1235 1598 sc
1250 1540 1454 1612 Rhetoricam,
1475 1547 1536 1596 tum
1558 1538 1634 1596 inte·

902 1652 987 1710 gram
1003 1629 1224 1708 Philosophiam
1239 1629 1375 1688 Passavii
1392 1637 1422 1688 et
1439 1627 1550 1698 LinciI,
1567 1624 1637 1684 deIn

904 1719 1071 1798 Zagrabioe
1096 1727 1126 1778 et
1146 1716 1264 1778 daurini
1296 1717 1402 1790 Casus,
1434 1716 1572 1776 Canones
1605 1724 1636 1773 et

903 1809 1131 1870 Controversias
1148 1807 1257 1867 docuit.
1281 1807 1425 1886 Superior
1442 1807 1528 1866 subin
1544 1805 1634 1863 trien·

902 1899 951 1958 nio
969 1897 1187 1970 Temeavarini,
1203 1895 1386 1956 Procurator
1410 1894 1533 1955 Cremsii
1554 1903 1584 1952 ot
1604 1894 1635 1954 iu

900 1987 990 2048 domo
1006 1987 1135 2046 Annaea
1149 1986 1299 2058 Viennae,
1313 1987 1360 2044 vir
1375 1985 1495 2045 zelosus
1511 1993 1542 2043 et
1558 1984 1636 2062 pius,

900 2079 930 2138 in
961 2079 1027 2158 ipso
1059 2076 1091 2136 S.
1125 2075 1282 2135 Tribunali
1313 2075 1447 2155 paralysi
1479 2084 1633 2154 correptus

901 2167 975 2230 obiit
990 2165 1021 2228 2.
1038 2165 1140 2226 Martii
1157 2160 1256 2226 1757.
1272 2173 1331 2226 aet.
1348 2160 1402 2228 57.

967 2255 1071 2316 Edidit
1092 2255 1200 2316 latine:

901 2347 1027 2406 Austris
1046 2345 1192 2416 Mariana,
1225 2361 1283 2406 seu
1307 2343 1515 2404 Gratiosarum
1536 2343 1635 2422 Virgi-

944 2455 1021 2496 neae
1036 2433 1327 2514 DeiparaeJconom
1342 2433 1561 2514 perAustriam
1577 2433 1632 2492 ori-

944 2527 1040 2604 gines,
1056 2543 1233 2602 progressus
1251 2543 1286 2582 ac
1301 2523 1447 2584 beneficia
1459 2521 1632 2601 singularia.

945 2615 1034 2674 'I'omi
1049 2614 1092 2672 11.
1109 2613 1244 2672 Viennae
1262 2608 1359 2674 1735.
1376 2615 1408 2674 et
1423 2609 1476 2677 36.
1495 2609 1526 2673 8.
1543 2631 1634 2692 prosa

945 2711 976 2764 ot
992 2703 1123 2763 carmine
1138 2703 1234 2764 vario.

899 2793 985 2854 Fasti
1008 2792 1160 2853 Austriaci
1186 2792 1215 2852 iu
1247 2791 1382 2869 singulos
1413 2792 1483 2852 anni
1514 2809 1632 2850 mensos

945 2903 1012 2942 cum
1027 2891 1122 2942 metro
1139 2889 1202 2940 tum
1219 2901 1308 2960 prosa
1317 2881 1493 2960 compendio
1515 2879 1632 2958 digesti.

945 2973 1081 3033 Viennae
1097 2971 1221 3048 Voigtin
1239 2967 1335 3032 1736.
1353 2971 1384 3037 8.
1401 2991 1428 3030 c.
1444 2969 1492 3048 fig.

1239 3125 1310 3177 (unu
1324 3131 1345 3166 et
1358 3127 1436 3176 Scripta
1450 3128 1510 3166 Vror.
1525 3127 1606 3178 anso.)

944 3308 1054 3371 ΕΒΗ.
1075 3311 1208 3380 Tonans,
1241 3305 1426 3382 Germanus,
1447 3308 1582 3368 Weitrae
1603 3307 1633 3368 in

900 3399 1025 3458 Austria
1043 3399 1074 3462 3.
1092 3398 1177 3477 Sept.
1196 3393 1293 3459 1085.
1309 3405 1414 3472 natus,
1431 3406 1489 3458 aet.
1509 3395 1561 3460 16.
1579 3396 1633 3460 So·

900 3489 1000 3548 cietati
1017 3487 1163 3561 adlectus,
1177 3484 1200 3548 4
1216 3495 1288 3546 vota
1302 3487 1469 3566 professus,
1487 3497 1518 3548 et
1532 3487 1633 3546 Philo-

900 3579 1024 3657 sophiae
1040 3577 1164 3650 Doctor,
1189 3575 1307 3638 Graecii
1322 3575 1535 3637 humanitatem
1551 3577 1632 3637 bien·

899 3669 948 3728 nio
973 3667 1084 3726 docuit.
1110 3667 1189 3726 Tum
1209 3665 1314 3728 Bodae
1344 3665 1473 3726 triennio
1495 3665 1631 3726 Philoso-

898 3757 998 3837 phiam
1020 3775 1137 3816 omuern
1168 3753 1300 3816 tradidit.
1322 3753 1403 3814 Dein
1432 3754 1633 3816 Conciouator

898 3845 1030 3908 fervidus
1046 3846 1130 3906 annis
1147 3845 1269 3924 aliquot,
1293 3843 1398 3904 Budas
1422 3854 1453 3904 et
1475 3845 1633 3904 Neostadii

898 3937 1020 4010 Rector,
1037 3954 1072 3994 ac
1088 3933 1205 3994 demum
1221 3933 1399 3994 Schnrceusi
1416 3931 1518 3994 domui
1533 3935 1563 3992 in
1573 3935 1633 3993 Bo-

899 4025 996 4084 hemia
1011 4023 1051 4084 ad
1070 4025 1200 4083 Domum
1220 4022 1377 4082 Annaeum
1392 4021 1527 4082 Viennae
1547 4043 1632 4102 spec·

897 4115 974 4174 tanti
985 4115 1071 4173 annis
1085 4107 1143 4192 18..
1153 4111 1289 4192 praefuit,
1303 4119 1441 4188 tempore
1457 4113 1547 4171 etiam
1563 4113 1633 4172 belli

897 4205 975 4263 inter
988 4203 1172 4282 irruptiones
1183 4201 1310 4262 ‘hostiles
1327 4199 1454 4262 eandem
1470 4201 1632 4263 dexterita-

897 4301 937 4366 te,
959 4292 1133 4372 prudentia,
1163 4289 1392 4352 mansuetudIne
1409 4311 1464 4352 sua
1480 4301 1511 4352 et
1525 4291 1633 4354 fiducIa

896 4383 927 4442 io
944 4381 1076 4442 Coclites
1101 4380 1174 4440 mire
1194 4381 1299 4440 tuitus.
1332 4377 1415 4440 Obiit
1438 4381 1558 4442 demum
1579 4383 1631 4442 ibi-

897 4471 964 4532 dem
982 4469 1014 4532 5.
1030 4471 1105 4530 Dce.
1123 4466 1221 4534 1753.
1238 4478 1298 4530 aet.
1315 4465 1369 4532 68.

964 4559 1067 4621 Edidit
1080 4579 1171 4620 versu
1185 4559 1305 4620 heroico
1321 4559 1428 4620 latino:

898 4649 1037 4730 Quinque
1054 4669 1200 4710 annorum
1216 4649 1377 4729 Trophaea
1392 4655 1461 4727 post
1476 4649 1572 4708 farsum
1587 4650 1630 4710 fu·
1743 4711 1751 4728 ‚

942 4749 1104 4819 gatumquo
1120 4737 1159 4798 od
1174 4736 1403 4798 Petrovaradini
1422 4738 1537 4796 moenia
1552 4738 1629 4796 'Pur-

943 4849 1007 4888 cam
1030 4829 1068 4888 ad
1089 4827 1321 4888 consecrandam
1342 4825 1509 4904 posteritati
1528 4827 1629 4886 Victo-

943 4920 1005 4978 riae
1021 4918 1110 4996 hujus
1126 4918 1299 4977 memoriam
1315 4933 1407 4993 supra
1429 4915 1560 4994 quinque
1583 4935 1629 4975 ce-

943 5007 1043 5068 lebres
1066 5005 1156 5066 Urbis
1173 5005 1352 5066 Viennensis
1384 5011 1487 5081 portas
1519 5013 1630 5078 erecta,

945 5107 975 5157 et
1006 5117 1024 5156 a
1047 5095 1274 5156 couciacnt-ibus
1289 5091 1415 5154 totidem
1435 5092 1551 5154 alaudis
1567 5095 1629 5156 Au-
