3990 5950
741 355 963 420 ..Π-

94 517 184 578 laude
202 518 378 598 'I'yrnariae
396 527 426 577 et
448 518 583 580 Viennae
607 518 828 580 sublimioribus
929 519 1089 583 ratum
1113 519 1324 593 Faaucsscus,
1347 519 1523 598 Hungarus,
1541 519 1612 581 Gin-

92 609 201 668 studiis
222 606 245 668 4
269 617 346 668 vota
367 609 540 686 professus,
561 608 774 688 Philosophiae
799 619 829 669 et
884 609 919 668 sii
935 610 965 668 in
987 608 1138 668 Comitatu
1159 609 1347 670 Castriierrei
1375 609 1404 670 1.
1420 611 1495 688 Apr.
1515 608 1611 672 1704.

91 698 284 776 Theologiae
319 697 438 756 Doctor
475 697 614 758 Ethioam
643 699 828 777 Tymaviae,
883 698 976 757 nobili
992 698 1059 758 loco
1075 707 1182 772 natus,
1207 707 1238 758 et
1253 709 1312 758 aet.
1332 697 1383 760 16.
1401 698 1545 760 8881811111
1562 699 1612 758 ad·

89 787 320 866 Philosophiam
343 786 514 846 biennalem
537 787 642 848 Budas
664 787 723 862 bis,
749 785 828 850 Oen·
884 789 1030 866 scriptus,
1059 783 1176 848 4vota
1204 789 1374 866 professus,
1401 788 1613 867 Philosophiae

88 875 706 957 11818181881181088881188811818318
728 887 759 936 et
780 898 827 936 so·
884 895 918 936 ac
935 877 1123 954 Theologiae
1143 877 1276 951 Doctor,
1298 878 1376 937 illam
1399 879 1495 956 primo
1517 879 1613 937 Lineii

88 967 155 1026 luto
189 965 303 1026 Ordine
332 963 505 1026 Canonicus
529 966 685 1031 Ecclesiae
717 967 827 1026 Cathe·
883 975 946 1025 tum
964 965 1082 1026 Graecii
1103 967 1260 1044 praelegit.
1292 967 1373 1028 Dein
1394 968 1523 1028 Romam
1544 969 1611 1027 mis-

89 1055 184 1115 dralis
210 1055 415 1128 Sabariensis,
438 1055 682 1136 Arcbigymnasii
699 1056 827 1135 primum
882 1075 949 1129 sus,
973 1053 1198 1114 Poenitientarii
1214 1075 1322 1116 munus
1344 1057 1383 1116 ad
1398 1057 1429 1115 S.
1452 1058 1536 1118 Petri
1557 1077 1612 1136 pro

89 1145 440 1224 Quinque-ecelesiensis
469 1153 532 1204 tum
557 1146 753 1204 Posoniensis
773 1146 827 1205 Di·
882 1145 1037 1223 Hungaris
1054 1145 1254 1225 quinquennio
1275 1147 1377 1224 gessit.
1401 1145 1510 1206 Redux
1533 1147 1611 1225 Tyr-

88 1245 191 1294 rector
208 1255 243 1294 ae
267 1235 371 1292 ultimo
393 1234 539 1294 decennio
558 1233 649 1294 Ourio
675 1233 827 1314 Quinque·
883 1235 991 1294 naviae
1011 1233 1197 1312 Scripturam
1218 1235 1250 1295 8.
1279 1237 1431 1314 exposuit;
1467 1236 1554 1294 subin
1582 1237 1612 1294 11

88 1325 225 1383 ecclesiis
246 1323 481 1383 ferventissimus
498 1323 606 1384 ibidem
632 1324 681 1404 pie
700 1323 829 1384 decessit
885 1323 1020 1402 Oollegio
1037 1324 1224 1384 Therasiano
1239 1325 1386 1398 Minister,
1410 1325 1523 1384 Rector
1540 1323 1611 1384 Gin-

92 1411 181 1476 1793
199 1423 260 1474 aet.
278 1409 331 1474 60.
883 1414 928 1485 sii,
952 1413 1077 1472 Posonii
1093 1413 1230 1491 pluribus
1245 1415 1332 1474 annis
1354 1413 1470 1474 Sebolis
1493 1415 1610 1472 inferio-

162 1503 267 1562 Edidit
281 1503 391 1560 latine:
882 1503 965 1562 ribns
988 1511 1018 1562 et
1038 1501 1245 1562 Bibliothecae
1275 1505 1458 1582 praefectus,
1491 1504 1610 1563 sublato

97 1591 204 1652 Oratio
235 1592 272 1652 de
297 1592 478 1651 intemerato
501 1592 634 1670 Virginis
659 1591 827 1672 Oeneeptu.
883 1590 996 1652 Ordine
1012 1593 1058 1650 vir
1065 1593 1095 1650 in
1111 1593 1196 1650 vario
1210 1593 1400 1652 scientiarum
1412 1613 1524 1671 genere
1540 1613 1609 1652 881-

140 1683 277 1742 Viennae
297 1677 396 1741 1756.
412 1678 444 1740 4.
881 1683 1012 1759 spicuus,
1028 1681 1160 1759 linguam
1176 1683 1303 1760 patriam
1320 1682 1395 1740 adeo
1413 1683 1559 1755 excoluit,
1576 1691 1610 1742 ut

94 1772 276 1830 Encornium
292 1769 371 1828 inter
389 1770 447 1829 alia
463 1779 614 1848 poemata,
631 1791 708 1851 quae
729 1770 824 1833 Geor·
882 1769 1174 1848 Oicerohungaricus
1193 1769 1610 1850 meritoadpellareturObiit

137 1861 299 1939 gioKlimo
317 1858 613 1940 EpQuinqueeccl.
631 1861 660 1920 in
676 1863 755 1939 grati
764 1863 824 1921 aui-
879 1860 911 1920 in
932 1859 1043 1938 oppido
1059 1860 1215 1934 Rohonea,
1244 1881 1302 1940 quo
1337 1881 1369 1920 se
1394 1861 1501 1920 litteris
1522 1863 1608 1920 unice

137 1951 178 2010 mi
202 1949 447 2028 significationem
477 1948 580 2008 oblata
605 1950 645 2009 ob
681 1949 823 2012 donatum
879 1959 1040 2010 vacaturus
1061 1950 1196 2022 contulit,
1228 1951 1275 2008 vir
1303 1950 1390 2009 simul
1419 1951 1607 2028 religiosissi-

138 2039 292 2100 studiosae
303 2039 459 2114 juventuti
474 2040 588 2098 ineunti
604 2059 684 2099 anno
707 2041 822 2100 schola·
877 2059 945 2099 mna
976 2036 1028 2100 18.
1049 2038 1125 2098 Dee.
1144 2036 1240 2103 1779.
1257 2047 1317 2100 aet.
1336 2035 1387 2100 75.

137 2130 214 2188 atico
233 2123 329 2188 1777.
346 2129 477 2188 xenium.
499 2129 664 2188 8811818.
687 2129 824 2189 Sacchini
946 2127 1050 2187 Edidit
1064 2128 1169 2187 latine:

136 2219 168 2278 S.
185 2217 218 2278 J.
236 2216 381 2296 opuscula
397 2217 434 2276 de
442 2219 559 2276 ratione
575 2218 743 2277 librosoum
754 2239 823 2297 pro·
879 2217 1039 2277 Elementa
1055 2217 1245 2278 Geometriae
1261 2218 1328 2296 Igu.
1346 2216 1464 2276 Gaston
1480 2216 1607 2278 Pardies

137 2309 218 2368 foetu
243 2306 380 2384 legendi,
404 2317 435 2366 et
462 2305 500 2366 de
527 2307 664 2368 cavenda
691 2309 823 2368 moribus
923 2307 1025 2366 recudi
1056 2307 1171 2365 curarit
1192 2306 1311 2368 Graeeii
1340 2303 1437 2368 1738.
1461 2305 1512 2368 12.
1542 2327 1608 2366 eum

137 2399 233 2456 noxia
252 2397 392 2455 lectione.
923 2396 1127 2456 Praefatione.

92 2487 242 2546 lraudatio
260 2485 395 2544 funebris
412 2485 507 2545 eidem
524 2486 611 2546 diota.
629 2487 705 2547 lbid.
726 2484 823 2550 1777.
880 2485 1079 2546 Oolleotiones
1095 2485 1327 2546 Mathematicus
1343 2505 1382 2545 ex
1397 2485 1609 2545 Architectura

138 2575 190 2634 fol.
923 2575 1052 2634 militari.
1070 2573 1188 2636 Graecii
1204 2575 1385 2636 Widmanst.
1405 2573 1501 2640 1739.
1519 2572 1549 2636 8.

97 2665 268 2724 Gratulatio
284 2665 314 2722 in
330 2663 739 2744 Oardinalitiarndignitatem
755 2667 822 2728 Em.
945 2664 1136 2743 Hungarite:
1182 2713 1185 2718 .

140 2755 288 2833 Principis
304 2753 374 2813 Jos.
391 2774 407 2814 e
425 2754 510 2814 Com.
531 2753 670 2834 Butlryan
690 2757 821 2836 AEpisc.
877 2753 1008 2816 «Iuvenis
1024 2754 1131 2814 nobilis
1148 2753 1187 2814 ad
1202 2755 1344 2814 virtutem
1365 2763 1397 2815 81
1418 2753 1542 2814 beatam
1563 2756 1606 2814 vi-

138 2841 512 2923 Strigou.Posoniil778.
529 2843 668 2905 61111118
688 2845 821 2906 heroico.
923 2853 984 2904 tam
1004 2845 1158 2904 institutus
1180 2864 1198 2902 a
1218 2844 1287 2905 Jos.
1310 2844 1418 2904 Dorell
1446 2843 1476 2906 S.
1498 2843 1529 2903 J.
1555 2865 1606 2904 an-

93 2933 290 3012 Inauguratio
306 2934 421 3012 Regiae
437 2934 633 2994 Scientiarum
640 2935 823 2996 Academiae
922 2934 999 3011 gline
1016 2935 1180 3012 scripta-
1197 2954 1235 2993 ex
1250 2934 1350 2994 italico
1363 2934 1524 3011 hungarico
1541 2953 1606 2992 ver-

139 3023 298 3082 Budensis.
329 3023 453 3082 Posonii
487 3020 585 3087 1780.
620 3021 649 3084 8.
684 3024 822 3086 Oarmine
923 3043 967 3083 aa.
989 3023 1162 3103 Tyrnaviae
1179 3018 1275 3088 1748.
1297 3032 1328 3083 81
1351 3021 1401 3085 71.
1425 3019 1456 3084 8.
1482 3023 1608 3082 Posonii

137 3113 271 3170 heroico.
925 3109 1022 3174 1687.
1040 3109 1070 3173 8.

94 3199 822 3281 081118811111111.Τ11818818811113.1111111789.
877 3203 988 3262 Mulier
1003 3203 1111 3262 nobilis
1135 3201 1174 3262 ad
1197 3204 1341 3262 virtutem
1368 3211 1399 3262 et
1420 3201 1540 3262 beatam
1563 3203 1607 3260 vi-

96 3289 164 3349 Oda
181 3289 221 3348 ad
235 3290 363 3349 Paulum
379 3311 395 3350 e
420 3290 504 3350 Com.
527 3292 720 3366 Esaterbaai,
741 3295 823 3354 inan·
924 3301 986 3352 tam
1001 3293 1146 3352 instituta.
1176 3291 1251 3352 Oum
1266 3291 1395 3370 Dialogo
1419 3292 1456 3352 de
1472 3293 1536 3352 vita
1555 3294 1604 3352 mi-

136 3381 824 3462 3111811111Ε81888811111111818·8881.Ρ888-
925 3381 1004 3440 litari
1020 3381 1170 3442 81111181.
1200 3382 1250 3440 Ex
1271 3381 1377 3442 eodem
1397 3381 1513 3456 Dorell.
1527 3384 1606 3462 Tyr·

137 3470 177 3528 nii
196 3465 292 3530 1783.
924 3472 1031 3530 navias
1050 3469 1146 3532 1748.
1162 3471 1267 3531 Budae
1285 3468 1382 3532 1749.
1399 3467 1429 3532 8.

500 3557 563 3608 (⁸⁶⁵1
577 3557 670 3597 ΜΨ·
683 3559 798 3610 ¹'¹³·‘·“·)
879 3559 1006 3621 Anlieus
1032 3561 1218 3622 Balthasaris
1242 3559 1371 3620 Gracian
1393 3561 1424 3620 S.
1447 3560 1481 3620 J.
1500 3595 1545 3608 -
1568 3581 1607 3620 ex

923 3651 1479 3802 8181118111
1496 3659 1527 3710 .

877 3830 932 3890 Vir
956 3831 1076 3909 sapiens
1093 3851 1149 3890 seu
1170 3786 1209 3890 ald
1232 3831 1398 3891 virtuosam
1422 3829 1605 3908 Sapientiam

922 3919 1125 3980 manuductio.
1141 3920 1266 3979 Posonii
1284 3915 1381 3983 1778.
1398 3915 1428 3979 8.

878 4008 933 4068 Vir
955 4016 1092 4082 sanctus,
1124 4029 1178 4068 seu
1199 4008 1237 4068 ad
1256 4008 1357 4068 Vitam
1386 4017 1520 4068 sanctam
1544 4029 1604 4069 ma·

923 4098 1076 4159 nuduotio.
1093 4099 1216 4158 Posonii
1235 4093 1331 4159 1787.
1350 4093 1380 4158 8.

880 4186 983 4267 Opera
998 4190 1132 4267 poetica,
1157 4188 1249 4248 latina
1269 4196 1299 4247 et
1319 4186 1498 4265 hungarica,
1525 4189 1605 4267 inter

925 4297 1001 4358 quae
1025 4279 1174 4356 Eologae,
1199 4275 1416 4336 Constantinus
1433 4277 1606 4357 Porphyre-

925 4368 1061 4446 genitus,
1079 4365 1253 4444 Tragoedia
1269 4386 1307 4426 ex
1323 4366 1422 4426 italico
1443 4367 1609 4446 hungarica

925 4455 1053 4530 reddita,
1070 4466 1100 4516 et
1115 4457 1205 4535 plura
1221 4455 1351 4516 adhunc
1367 4456 1500 4534 linguam
1521 4477 1606 4534 spoc-

924 4547 1033 4620 tantia,
1060 4547 1187 4606 collecta
1212 4555 1243 4605 et
1268 4546 1349 4606 edita
1373 4567 1392 4605 a
1422 4547 1488 4606 Nic.
1508 4547 1607 4605 Rdvai

924 4635 1098 4694 Scholarum
1126 4637 1251 4713 piarum.
1280 4634 1388 4694 Partes
1413 4637 1455 4694 Π.
1486 4634 1606 4696 Jaurini

926 4720 1023 4786 1786.
1040 4733 1070 4784 81
1086 4721 1139 4786 87.
1155 4724 1279 4784 Posonii
1298 4721 1393 4786 1788.
1412 4720 1442 4784 8.

137 3684 252 3748 FALK
282 3682 484 3758 Ganooarus,
514 3683 701 3760 Germanus,

92 3791 149 3832 nae
166 3774 309 3833 Austriae
329 3771 379 3834 19.
396 3773 481 3834 Junii
495 3771 699 3848 1737.natus,
716 3785 747 3835 et
763 3785 821 3836 aet.

96 3860 147 3922 16.
170 3861 352 3922 Societatem
375 3864 545 3941 ingressus,
567 3883 633 3924 cum
655 3867 821 3926 severiores

93 3952 233 4010 scientias
249 3953 378 4011 maxima
392 3952 503 4031 ingenii
527 3954 573 4032 sui
594 3954 822 4016 commendatio·

93 4060 132 4099 ne
149 4038 268 4100 Graecii
283 4049 315 4100 et
331 4041 466 4101 Viennae
489 4041 608 4120 publice
630 4043 823 4118 defendisset,

93 4126 116 4189 4
132 4138 204 4189 vota
219 4130 375 4207 professus
391 4131 616 4210 Philosophiam
637 4134 776 4193 Passavii
794 4144 824 4194 et

94 4219 282 4298 Theologiae
298 4220 417 4278 Ductor
432 4230 559 4294 oreatus,
577 4222 680 4282 ultimo
696 4225 824 4283 triennio

93 4308 244 4386 Linguam
260 4329 376 4370 sacram
391 4311 421 4368 in
437 4310 642 4372 Universitate
670 4313 824 4373 Vindobo-

92 4399 176 4457 nensi
194 4399 307 4472 docuit,
332 4409 363 4458 81
379 4400 499 4460 sublato
516 4398 628 4460 Ordine
645 4400 825 4480 Operarium

93 4486 276 4548 indefessum
296 4489 433 4550 Viennae
454 4491 529 4570 egit,
555 4511 589 4551 ac
611 4491 732 4551 tandem
754 4495 823 4552 viri-

93 4575 149 4634 bus
161 4579 226 4653 jam
249 4579 350 4638 fractis
371 4567 469 4639 media
490 4589 579 4640 noete
603 4601 622 4639 a
646 4581 822 4642 moribundo

95 4663 192 4725 redux
207 4669 236 4726 11
252 4668 395 4745 gradibus
411 4669 542 4729 concidit
557 4691 593 4729 ac
608 4671 656 4748 pie
672 4671 755 4730 obiit.

163 4754 294 4816 Vertite
310 4759 418 4836 gallico
435 4759 465 4818 in
481 4759 619 4818 latinum:

95 4843 194 4902 corint
209 4845 415 4906 uae-nauus
431 4849 593 4927 Expositto
610 4849 824 4928 Pssrosopuae
878 4815 991 4875 N⁰⁰i⁰⁸
1020 4815 1269 4918 hy⁰¹¹²⁸15⁸2⁸⁰¹²
1297 4813 1471 4917 ³⁰Fm⁰¹¹⁰⁸v
1498 4813 1606 4919 11911

141 4934 365 4996 Newtonianae.
391 4939 526 4998 Viennae
551 4940 695 4999 'Prattner
728 4937 823 5000 1761.
922 4905 1033 4983 l⁰nga⁰
1053 4903 1167 4983 hyems
1191 4913 1295 4962 metes
1318 4914 1488 4976 ‘'mmm‘’
1510 4903 1607 4964 edm

140 5021 171 5083 4,
190 5045 215 5083 0,
232 5027 281 5103 fig,
924 4993 1094 5055 abeodem.
1111 4993 1234 5053 Posonii
1253 4989 1347 5054 1787.
1367 4987 1397 5052 8.

269 5113 340 5163 (11.8.
354 5113 405 5151 aar.
419 5113 466 5152 88.
481 5115 505 5151 1.
521 5115 535 5152 1
550 5115 799 5168 8111188181..)
883 5084 1019 5143 Confecit
1034 5085 1124 5143 etiarn
1140 5084 1240 5162 plures
1263 5083 1416 5160 elegantes
1442 5083 1606 5144 cantilenas
