3948 5946
719 318 961 390 -167-

88 485 215 549 Libellus
232 488 421 568 precatorias
437 489 467 549 in
483 507 569 550 usum
584 487 627 549 Μ.
645 487 809 550 Therasiae
864 488 984 552 uoniam
1013 483 1191 558 translatus,
1222 485 1253 543 iu
1288 482 1498 544 florentissima
1532 481 1588 542 hac

125 579 297 658 Augustae.
312 580 449 640 Viennae
467 575 498 642 8.
862 577 1028 640 Academia
1043 575 1241 654 Theologiam
1252 575 1421 634 universam
1436 581 1521 633 tanta
1537 593 1588 651 ap·

84 668 211 730 Devotio
227 669 262 729 in
278 671 355 732 fasta
371 670 488 750 singula
502 669 539 730 Β.
555 669 594 730 V.
610 669 734 730 Mariae.
861 669 1040 750 probatione
1055 666 1273 745 propugnavit,
1298 674 1331 724 ut
1351 664 1514 724 Provincia
1533 661 1586 722 illa

83 759 186 820 libelli
203 759 310 840 plures
326 759 509 821 catecbetici.
862 758 1151 822 Gabrielemvirtute
1161 777 1255 836 aeque
1266 777 1301 816 ac
1311 755 1437 816 scientia
1452 754 1585 834 sibipro·

412 881 485 934 (aaa
499 887 519 920 a
533 881 611 931 sarpa·
624 881 685 921 rm.
700 881 779 934 surr.)
860 851 963 912 batum
978 849 1108 910 retinere
1123 855 1285 926 satageret.
1308 847 1352 905 At
1371 854 1531 906 revocatus
1555 844 1585 902 in

857 941 1025 1012 Austriarn,
1049 939 1100 998 ubi
1115 935 1137 998 4
1152 947 1224 998 vota
1238 937 1406 1017 professus,
1430 943 1461 996 et
1480 934 1582 994 Philo·

118 1030 353 1094 mnenon
368 1030 549 1102 Ausonum,
562 1028 802 1109 Hungarus,Po·
856 1033 979 1112 sophiae
997 1049 1032 1090 ac
1048 1028 1235 1106 Theologiae
1250 1026 1367 1087 Doctor
1388 1033 1505 1088 creatus
1525 1033 1581 1096 est,

77 1139 158 1198 sagae
181 1120 214 1179 in
249 1120 413 1182 Sclavonia
444 1117 539 1182 1699.
560 1129 648 1180 natus
682 1129 712 1180 et
740 1129 800 1182 aet.
855 1121 1044 1183 humaniores
1060 1120 1190 1198 primum
1205 1119 1320 1178 litteras
1344 1118 1494 1189 Viennae,
1518 1125 1581 1175 tum

81 1207 124 1270 16.
147 1210 178 1269 in
200 1209 387 1272 Societatem
405 1212 573 1290 ingressus,
596 1209 718 1272 sedulus
745 1232 800 1291 per
854 1209 1258 1294 TymaviaePhilosophiam
1267 1207 1470 1289 quadriennio,
1480 1206 1579 1266 Theo-

78 1300 172 1379 plures
189 1319 293 1362 annos
308 1302 338 1362 in
353 1302 428 1363 urbe
443 1301 541 1382 patria
554 1301 758 1362 concionator
768 1313 799 1364 et
851 1305 963 1384 logiam
977 1301 1096 1364 biennio
1106 1299 1216 1360 docuit.
1232 1299 1313 1359 Hinc
1327 1296 1580 1358 Missionelndica

78 1389 247 1450 Dateebista
258 1401 289 1452 et
305 1393 376 1474 quia
390 1393 422 1452 in
437 1391 604 1470 disciplinis
621 1393 714 1452 sacris
730 1413 797 1472 per·
851 1394 1048 1476 nequidquam
1064 1392 1169 1472 petita,
1193 1389 1232 1449 ad
1248 1390 1280 1450 S.
1298 1387 1478 1449 (lathedram
1494 1385 1575 1446 adhi-

76 1479 213 1556 eruditns,
256 1482 295 1542 ab
326 1483 480 1563 Episcopo
517 1481 647 1562 Zagrab.
687 1483 796 1546 Frano.
850 1485 940 1558 bitus,
956 1482 1177 1564 Gycngytsint
1195 1478 1502 1562 Quinque-Ecclesia
1517 1474 1575 1537 0⁰·

76 1571 209 1652 l'banky,
236 1572 272 1632 S.
294 1570 407 1646 Officii,
432 1572 513 1654 qnod
534 1574 672 1652 Poeegae
694 1573 733 1635 ob
753 1573 796 1634 di·
849 1575 982 1637 maromii
1006 1573 1135 1635 maximo
1151 1573 1247 1631 fructu
1269 1570 1308 1632 ad
1327 1569 1471 1650 populum
1491 1566 1576 1640 dixit,

74 1662 207 1720 stantiam
233 1661 276 1724 ab
303 1663 469 1744 episcopali
499 1661 571 1732 sede
602 1665 796 1726 constitutum
849 1669 1080 1746 innumerosque
1105 1662 1273 1723 haereticos
1302 1662 1333 1720 in
1360 1659 1517 1719 Ecclesiae
1537 1657 1573 1718 si·

74 1763 137 1824 arat,
151 1771 208 1831 per
224 1749 271 1814 27
289 1773 384 1814 annos
399 1755 557 1827 assessor,
573 1752 683 1815 ibidem
698 1763 795 1816 trans-
848 1779 918 1820 num
934 1756 1061 1818 reduxit
1086 1752 1147 1814 Sed
1167 1762 1197 1814 et
1217 1753 1256 1812 ab
1276 1750 1431 1812 laboribus
1453 1757 1573 1828 aposto-

74 1843 139 1900 actis
155 1842 186 1901 in
204 1841 365 1904 Societate
381 1842 425 1906 60
446 1845 549 1918 annis,
573 1845 623 1923 pie
644 1844 718 1905 obiit
739 1843 792 1908 24.
848 1849 913 1911 licis
943 1866 1045 1907 rursus
1067 1843 1106 1905 ad
1127 1841 1250 1921 regendi
1281 1861 1387 1902 munus
1419 1847 1574 1912 avocatus,

74 1933 143 2010 Aug.
162 1929 268 1995 1777.
290 1943 349 1995 eet.
373 1931 425 1997 70.
448 1933 493 1995 Ut
512 1941 579 1995 erat
599 1935 722 2014 linguae
741 1957 793 2016 pa·
848 1938 1068 2000 cancellarium
1083 1935 1210 2015 primum
1225 1932 1442 2008 Upiversitatis
1456 1930 1573 2008 Tyma-

74 2024 138 2082 triae
154 2024 333 2102 cumprimis
348 2045 469 2104 gnarus,
846 2031 958 2090 viensie
979 2025 1172 2108 quadriennio
1193 2025 1271 2102 egit;
1297 2024 1358 2083 suis
1380 2021 1449 2080 dein
1470 2019 1572 2099 Gyen-

128 2113 254 2193 scripsit
269 2114 400 2194 illyrice:
846 2121 966 2200 gytsini
981 2117 1192 2200 quinquennio,
1210 2112 1402 2192 Claudiopoli
1419 2110 1572 2183 sexennio,

74 2201 210 2263 Doctrina
227 2203 402 2266 christiana.
426 2205 593 2284 Zagrabiae
610 2203 707 2268 1754.
724 2201 755 2268 8.
847 2232 882 2274 ac
898 2212 985 2272 annis
1000 2207 1127 2269 totidem
1141 2205 1334 2266 Missionibus
1350 2202 1470 2262 Dacicis
1485 2221 1571 2280 prae·

75 2293 220 2372 Refuginm
232 2295 646 2360 adB.V.Mariam.Venetiis
658 2294 753 2359 1759.
761 2293 791 2359 8.
846 2302 918 2376 init,
940 2301 992 2361 ubi
1007 2309 1078 2378 post
1093 2297 1245 2357 saeculum
1265 2294 1445 2356 Societatem
1468 2311 1571 2350 rursus

73 2383 191 2444 Devotio
209 2383 254 2445 ad
269 2384 303 2446 8.
319 2385 490 2468 Aloysium.
507 2387 676 2466 Zagrabiae
695 2385 791 2452 1759.
846 2392 878 2452 in
893 2390 1017 2472 proprio
1032 2389 1145 2450 vestitu
1166 2387 1197 2446 in
1220 2385 1298 2446 banc
1317 2384 1503 2464 provinciam
1526 2402 1571 2442 re-

110 2471 157 2535 12·
846 2481 943 2544 duxit.
967 2479 1136 2558 Collegium
1150 2477 1277 2558 posthac
1296 2472 1509 2554 Tyruaviense
1530 2473 1571 2532 vi·

74 2563 206 2626 Doctrina
224 2564 399 2628 Christiana
418 2567 449 2626 in
464 2575 525 2628 tres
549 2567 667 2628 scholas
683 2567 790 2628 divisa.
846 2575 928 2635 caria
941 2579 1094 2652 potestate
1110 2569 1190 2630 rexit
1205 2587 1284 2627 anno
1300 2586 1370 2640 uno,
1394 2563 1571 2624 Tranchini-

108 2654 180 2716 ibid.
199 2653 302 2718 1763.
320 2653 352 2719 8.
844 2684 917 2726 ense
941 2663 1052 2734 tribue,
1080 2667 1292 2740 postremoque
1318 2655 1404 2716 simul
1429 2663 1571 2735 tyronum

74 2745 203 2806 Mones
224 2748 438 2809 convincentes
453 2747 552 2810 Deum
568 2745 697 2808 amandi.
711 2746 789 2808 Ibid.
845 2755 983 2834 spiritum
1010 2751 1160 2812 formavit.
1193 2749 1274 2808 Dein
1301 2748 1415 2807 Rector
1443 2743 1571 2823 Collegii

111 2833 202 2898 1764.
225 2833 257 2897 8.
841 2843 1015 2904 Academici
1030 2839 1252 2920 Tyrnaviensis
1270 2858 1306 2897 ac
1321 2836 1449 2916 denique
1472 2835 1568 2894 Poso-

75 2924 196 2988 Dcvotio·
227 2926 267 2987 ad
298 2925 355 2989 88.
387 2929 579 2990 Trinitatem.
612 2929 789 3009 Tyrnaviu'e
842 2935 952 2995 niensis
968 2932 1019 2993 obi
1033 2931 1104 2991 ielix
1119 2931 1314 2988 vicennornm
1329 2935 1360 2986 et
1376 2925 1501 3006 emplius
1518 2945 1568 2984 an·

112 3014 203 3083 1766.
224 3013 256 3078 8·
842 3045 948 3086 norum
962 3021 1139 3102 gnbernium
1154 3018 1337 3080 terminavit.
1361 3015 1501 3076 Devecta
1514 3014 1568 3094 igi-

74 3105 174 3168 Parvus
189 3107 412 3169 Oatechismus.
428 3108 505 3170 Ibid.
524 3105 621 3172 1772.
640 3107 692 3170 12.
842 3123 892 3174 tur
907 3123 1007 3176 aetate
1023 3111 1079 3172 sibi
1094 3110 1231 3183 relictus,
1255 3106 1487 3188 typographiam
1506 3113 1568 3185 tyr-

76 3195 101 3256 s·
114 3199 241 3258 Rofltlit
255 3197 351 3278 Virgo
367 3199 580 3260 Panormitam
595 3200 731 3260 vertibili
754 3199 788 3258 il·
841 3207 1013 3266 navieneem
1034 3222 1100 3264 cnm
1120 3199 1309 3260 Bibliotheca
1330 3195 1523 3257 Catachetica
1537 3197 1568 3256 in

109 3289 206 3367 lyricis
231 3309 386 3369 expressa.
418 3289 504 3370 Opus
523 3291 714 3370 posthumum
735 3290 787 3349 im·
842 3296 1003 3375 septimum
1019 3312 1128 3354 annum
1143 3289 1331 3371 procuravit,
1355 3307 1481 3369 eamque
1504 3295 1569 3347 turn

110 3383 206 3458 pensis
225 3380 340 3439 illustr·
356 3380 396 3440 D·
412 3381 558 3460 Episcopi
573 3380 713 3442 Mendici
736 3401 787 3440 0¹·
841 3386 968 3447 diversis
983 3383 1106 3446 eruditis
1123 3381 1276 3460 opusculis
1293 3388 1356 3438 tum
1376 3379 1495 3458 insigni,
1520 3379 1568 3438 cui

111 3489 219 3532 cusum.
236 3470 374 3532 Viennae
390 3468 487 3534 1780.
510 3469 541 3533 8.
564 3473 680 3532 Poema
694 3491 731 3532 cx
746 3471 786 3532 11-
842 3478 1018 3538 immortuus
1034 3481 1089 3546 est,
1111 3473 1263 3532 volumine
1278 3469 1368 3530 saluti
1386 3469 1570 3530 Asianorum

110 3559 205 3638 1111118
223 3560 376 3641 111ῖῦ011111·
840 3567 991 3629 destinato
1013 3565 1114 3638 auxit,
1131 3583 1166 3624 ao
1181 3563 1312 3643 denique
1329 3559 1565 3639 singularispro·

80 3647 150 3730 lapis
173 3652 351 3714 offensionis
377 3671 431 3713 seu
458 3651 560 3712 Causa
585 3652 785 3731 separationis
839 3667 971 3738 purgator
986 3656 1081 3716 cultus
1102 3653 1231 3714 Mariani
1251 3651 1359 3712 erectis
1378 3646 1420 3712 70
1443 3650 1480 3710 de
1503 3651 1564 3710 Ro-

111 3741 260 3802 Ecclesiae
270 3739 785 3820 Orientalicaboccidcntali.0pus
840 3750 920 3808 sario
944 3744 1161 3808 sodalitatibus
1182 3740 1234 3803 24.
1261 3743 1351 3800 Mart.
1380 3736 1477 3800 1728.
1504 3749 1563 3800 aet.

115 3834 218 3908 1111161·
253 3831 453 3912 posthumum·
492 3831 647 3904 Essekini.
687 3828 785 3894 1780.
841 3835 893 3900 70.
925 3836 964 3898 ad
1001 3833 1199 3914 recipiendam
1229 3831 1366 3892 laborum
1397 3830 1565 3890 mercedem

117 3915 139 3980 8.
155 3923 305 4002 impensis
327 3922 402 3984 Exc.
420 3923 512 3984 Cone.
528 3923 783 3982 Locumtcnentis.
840 3927 984 3988 avolavit.

80 4005 195 4094 Denique
212 4013 244 4072 in
260 4013 336 4072 bisc.
351 4013 472 4094 reliquit
486 4011 719 4072 vocabularium
741 4013 784 4072 fu·
906 4017 1033 4096 Ser-ipsit
1054 4015 1161 4074 iatine:

109 4104 253 4164 ausimum
283 4103 403 4182 linguae
418 4103 562 4184 Illyricae
577 4111 608 4164 et
623 4101 702 4162 Acta
711 4102 784 4163 mul-
838 4107 976 4169 Viennae
992 4103 1176 4184 oppugnatio
1193 4113 1225 4162 et
1239 4101 1397 4176 Defensio,
1413 4101 1563 4162 seuVisn·

108 4201 135 4253 ta
143 4196 225 4274 juris
241 4193 361 4274 publici.
883 4217 923 4258 na
937 4196 1079 4257 Austriac
1096 4194 1219 4254 defensa
1234 4202 1265 4253 et
1281 4192 1409 4252 liberata
1424 4194 1565 4272 auspiciis

635 4313 759 4367 (ream.)
882 4285 1033 4366 Lcopoldi
1050 4287 1075 4345 I.
1092 4284 1130 4344 ab
1147 4284 1237 4344 armis
1250 4284 1433 4346 Mabomethi
1448 4285 1504 4345 IV.
1511 4305 1564 4364 op·

885 4387 1030 4457 pugnata,
1050 4373 1248 4434 Dramatibus
1274 4375 1369 4436 tribus
1393 4377 1563 4458 proposita.

107 4461 376 4538 misissetne,
395 4461 576 4542 Huugarus,
592 4463 741 4541 Kapivari
756 4461 787 4521 in
885 4468 1022 4530 Viennae
1039 4461 1136 4528 1686.
1154 4462 1184 4526 8.

71 4548 210 4615 Domitatn
221 4554 389 4616 Sarosiensi
403 4551 456 4616 28.
470 4555 552 4631 Aug.
565 4549 661 4616 1658.
674 4553 786 4614 enobi·
840 4555 961 4620 Salaeca
975 4555 1560 4638 SapientnmApophthegmata.'l'yrua-

70 4640 171 4705 issima
186 4647 300 4708 familia
319 4654 417 4718 ortus,
441 4653 472 4704 et
492 4654 550 4704 aet.
575 4640 626 4705 15.
650 4643 783 4704 Societa-
885 4645 1069 4710 viae1690.
1088 4647 1139 4710 12.

70 4739 121 4794 tem
141 4737 276 4797 Viennae
304 4737 455 4816 ingressus
484 4734 622 4794 absoluta
647 4735 783 4796 Viennae
838 4737 992 4800 Allocutio
1019 4737 1197 4800 salutatoria
1221 4738 1252 4796 in
1274 4737 1417 4815 ingressu
1438 4736 1564 4796 solemni
1615 4795 1621 4810 ,

70 4841 125 4884 cun
139 4826 228 4888 laude
243 4825 443 4906 Philosophia
457 4824 576 4885 Possim
593 4845 629 4886 ac
644 4824 782 4885 Rhetori-
884 4829 1048 4890 (ihristiani
1077 4827 1212 4908 Augusti
1239 4826 1329 4887 Cerd.
1361 4835 1392 4886 ct
1420 4825 1562 4906 Archiep.

70 4933 125 4974 11111
140 4918 249 4998 Styrac
267 4917 385 4978 biennio
410 4915 519 4976 docuit·
551 4914 627 4976 011111
648 4936 722 4976 voro
743 4916 782 4975 D.
884 4919 1018 4999 Strigon.
1035 4922 1066 4980 in
1083 4918 1245 4982 Basilicam
1267 4917 1306 4977 D.
1329 4916 1458 4977 Nicolai.
1484 4918 1562 4998 Tyr-

69 5001 202 5068 'i'bomam
218 5008 357 5069 Viennae
373 5009 403 5067 in
419 5007 544 5067 alterum
568 5025 677 5068 annum
698 5003 782 5066 audi·
883 5011 990 5071 navias
1016 5007 1112 5072 1713.
1130 5007 1181 5068 iol.

68 5093 161 5176 risset,
174 5099 214 5162 ob
224 5099 397 5162 infestatam
411 5098 547 5160 a'Ibrrcis
558 5095 711 5158 Austriam
725 5097 783 5158 Do·
836 5099 1046 5162 Institutiones
1062 5099 1239 5162 christianae
1255 5098 1421 5179 etquidem
1445 5097 1561 5160 I-VI.
