3990 5950
1045 349 1267 414 ..34-

402 516 561 596 Hungaria
590 513 652 576 fida
673 515 826 576 Austriae.
865 515 1039 597 'l'yruariae
1059 525 1126 606 tpp.
1225 524 1316 576 10000
1337 513 1528 576 Plaoetarnm
1548 536 1672 578 numero
1692 517 1724 578 lu
1743 517 1917 578 Amtriaeis

446 605 542 668 Acad.
565 603 662 669 1743.
677 603 708 668 8.
724 605 838 667 Puema
852 605 1014 668 heroicum.
1226 605 1381 668 Heroibus
1402 625 1575 686 expressus.
1602 607 1740 670 Viennae
1765 605 1865 672 1673.
1883 605 1919 670 8.

732 745 805 800 ‘⁰''‘'
819 751 838 787 ‘¹
851 747 1003 798 Vm·
1017 747 1101 801 Μ’)
1182 697 1523 848 ualidissimum
1539 785 1713 848 000000
1731 787 1769 848 s.
1783 787 1824 848 v.
1848 788 1919 848 0.-

442 877 686 943 FCRCHCM
702 876 929 952 Hmaourrrue,
945 876 1082 938 Viennae
1097 877 1129 940 iu
1226 877 1289 940 riae
1318 877 1349 938 iu
1371 876 1498 938 Coelum
1530 887 1680 939 00000100
1711 877 1744 938 10
1774 875 1918 958 collegio

396 969 524 1028 Austria
538 965 592 1031 30.
607 967 685 1048 Aps.
703 964 799 1030 1701.
815 977 918 1042 00100,
939 975 971 1027 01
990 977 1050 1030 aet.
1075 965 1127 1030 16.
1226 967 1322 1028 Acad.
1344 969 1376 1030 S.
1401 965 1434 1028 J.
1455 967 1619 1028 Viennensi
1650 968 1811 1030 autoritate
1839 989 1916 1049 apc-

397 1059 534 1118 Viennae
548 1059 664 1118 Rhetor
680 1057 822 1120 Societati
837 1059 980 1132 insertus,
996 1059 1128 1118 severio-
1227 1058 1335 1118 stolica
1350 1067 1469 1120 erectae
1485 1068 1516 1118 et
1538 1059 1746 1133 confirmatae,
1766 1059 1917 1120 exhibens

398 1169 445 1208 res
461 1150 579 1210 litteras
595 1158 682 1210 tanto
698 1169 764 1208 curn
785 1149 923 1228 profectu
941 1150 1075 1228 excepit,
1095 1157 1129 1210 ut
1226 1148 1433 1228 compendium
1449 1169 1573 1228 operum
1588 1169 1644 1229 per
1667 1169 1734 1208 0010
1752 1149 1915 1211 laudabili·

398 1236 420 1299 4
435 1249 510 1300 vota
524 1241 692 1320 professus,
722 1238 931 1319 philosophica
950 1259 1011 1299 nou
1031 1241 1127 1300 miuus
1226 1249 1272 1298 ter
1286 1249 1441 1318 gestorum
1456 1259 1522 1300 cum
1539 1239 1687 1318 Catalogo
1699 1239 1866 1300 Rectorum
1882 1249 1916 1300 et

397 1351 488 1412 quam
503 1331 675 1409 theologica
689 1330 794 1390 laurea
809 1339 985 1404 exornatus,
1005 1331 1036 1390 in
1046 1339 1126 1390 ntra·
1225 1329 1457 1402 praefectorum,
1472 1349 1527 1408 pro
1551 1331 1641 1390 xenio
1656 1329 1728 1390 novi
1739 1331 1813 1390 anui
1827 1331 1914 1390 obla·

399 1441 457 1501 que
473 1421 630 1500 disciphna
644 1418 779 1480 docenda
794 1421 939 1498 majorem
957 1421 1040 1482 vitae
1058 1441 1126 1500 par·
1224 1415 1401 1482 10101678.

397 1521 458 1570 tem
483 1511 671 1572 absumerit.
700 1511 838 1572 Viennae
868 1512 947 1570 euiru
977 1510 1015 1572 ab
1046 1531 1126 1572 anno
1180 1509 1388 1570 Allocutioncs
1418 1509 1568 1572 oratoriae
1603 1510 1633 1570 iu
1663 1507 1915 1570 solemnitatibus

400 1598 496 1663 1739.
527 1601 754 1681 Philosophiam
778 1621 894 1662 ornnem
921 1601 1127 1682 quadriennio,
1226 1599 1347 1674 Christi,
1376 1601 1412 1660 B.
1443 1601 1482 1660 V.
1514 1600 1628 1660 Mariae
1660 1609 1691 1660 et
1721 1599 1916 1662 Sanctorum.

395 1701 458 1752 tum
474 1690 594 1752 Graecii
611 1713 646 1752 ac
661 1692 799 1752 Viennae
812 1691 1053 1766 Controversiaa,
1069 1693 1125 1752 Ca·
1225 1691 1360 1752 Viennae
1377 1687 1474 1754 1679.
1491 1687 1522 1752 8.

396 1803 456 1858 000,
472 1783 659 1862 Scriptorum
674 1783 707 1843 S.
729 1791 760 1842 et
780 1803 836 1863 per
856 1803 951 1842 annos
972 1783 1073 1862 plnres
1094 1785 1126 1844 10
1247 1781 1298 1842 Ex
1312 1781 1418 1842 Italico
1433 1781 1524 1842 latine
1538 1779 1683 1840 reddidit:

393 1883 519 1954 utraque
540 1873 743 1934 Universitate
772 1874 973 1952 Theologiam
1001 1871 1124 1953 dogma·
1179 1871 1315 1932 Historia
1345 1871 1382 1932 de
1413 1872 1497 1932 initio
1522 1881 1552 1930 et
1572 1889 1734 1950 progressu
1753 1871 1911 1930 1110010010

393 1965 483 2024 ticam
504 1963 689 2044 explanavit.
714 1963 868 2024 Gubernio
896 1963 965 2024 dein
985 1963 1124 2024 admotus
1224 1957 1707 2024 01010000101110000016668.

394 2055 433 2114 ab
454 2073 533 2114 anuo
558 2050 656 2115 1761.
678 2053 846 2132 Collegium
866 2054 1021 2134 Styreuse,
1051 2055 1124 2115 Lin-
1177 2051 1327 2112 Beneficia
1349 2073 1368 2112 0
1383 2051 1592 2130 thaumaturgo
1607 2051 1759 2112 indiarum
1772 2051 1912 2131 Aposto-

393 2163 481 2204 ceuse
513 2165 549 2204 ac
579 2143 690 2205 ibidem
712 2143 882 2224 Collegium
901 2143 1064 2204 Nordicnm
1088 2165 1125 2206 ac
1222 2143 1251 2202 lo
1290 2143 1416 2204 diversis
1451 2143 1608 2224 praestita,
1651 2140 1772 2202 Graecii
1809 2139 1912 2204 1669.

391 2235 509 2294 demum
529 2235 753 2296 Neostadicnse
773 2237 861 2296 rexit.
882 2235 1021 2296 hliuister
1041 2235 1122 2296 deni·
1224 2229 1276 2296 12.

391 2345 448 2406 que
470 2325 509 2386 ad
533 2325 564 2386 S.
586 2325 693 2386 Annae
712 2326 850 2386 Viennae
879 2326 929 2406 pie
962 2325 1038 2386 obiit
1069 2323 1121 2388 19.
1175 2320 1282 2384 Virtus
1306 2331 1449 2384 coronata
1478 2322 1652 2402 Principum
1678 2321 1913 2382 Austriaeornnr

389 2416 482 2476 Febr.
501 2411 600 2478 1768.
616 2425 676 2476 001.
693 2413 746 2478 67.
1219 2413 1345 2474 Eusebii
1360 2413 1588 2491 Nicrembergii.
1605 2413 1742 2474 Viennae
1760 2409 1861 2474 1676.
1879 2411 1912 2474 8.

457 2507 616 2566 Tribuitur
631 2507 673 2567 ei:
1174 2502 1276 2564 Clicus
1286 2504 1440 2564 Marianus
1452 2503 1540 2564 Pauli
1549 2503 1685 2582 Segneri.
1700 2503 1834 2564 Viennae
1856 2501 1912 2564 12.

389 2597 529 2656 Historia
543 2597 643 2676 Regni
658 2596 836 2676 Hnngariae
855 2595 895 2656 ab
915 2617 993 2656 auno
1010 2595 1119 2658 80000-
1218 2615 1341 2656 recum
1372 2595 1470 2674 Tyru.
1509 2591 1604 2656 1661.
1637 2593 1772 2654 Viennae
1806 2591 1910 2656 1679.

433 2687 582 2748 tiXVII.
603 2688 699 2767 primo
729 2705 825 2768 usqua
856 2685 895 2748 ad
924 2707 1034 2748 aunum
1064 2683 1119 2750 37.
1218 2683 1357 2746 Paesuri
1373 2681 1469 2748 1686.

431 2779 607 2858 Tyrnaviae
625 2773 723 2841 1737.
738 2777 790 2838 101.
1172 2773 1331 2856 Perpende
1346 2777 1433 2837 bene.

387 2867 503 2930 Recudi
519 2869 652 2942 cruerit,
668 2868 720 2930 Jo.
745 2867 783 2928 de
802 2867 894 2929 Ulloa
915 2869 946 2930 S.
967 2867 1000 2928 J.
1020 2868 1117 2930 Deca-
1399 2913 1471 2968 (Μ
1484 2919 1505 2954 a
1518 2913 1596 2966 m
1609 2915 1669 2954 rm.
1683 2913 1748 2953 m
1763 2911 1884 2967 m.)

432 2958 486 3020 des
516 2969 577 3020 tres
607 2959 823 3040 principiorum
842 2979 899 3038 pro
920 2960 1119 3040 intelligentia

431 3050 463 3110 S.
479 3049 664 3132 Scripturas.
682 3049 801 3111 Graecii
818 3046 916 3112 1748.
934 3047 986 3112 12.
1216 3044 1347 3108 soant
1363 3044 1523 3118 Csaonus,
1539 3041 1723 3118 Germanus,
1738 3039 1862 3103 Graecii
1877 3043 1910 3102 in
1986 3115 1987 3122 ἵ

863 3171 966 3224 030³„
980 3170 1091 3224 μὴ...)
1171 3134 1275 3215 Slyl'lss
1305 3133 1442 3196 3an11l0
1468 3129 1564 3196 1128.
1585 3143 1684 3206 mihil,
1714 3141 1827 3194 01161.
1854 3131 1909 3194 19·
1986 3123 1987 3183 1

1171 3225 1371 3305 Philosophus
1396 3225 1550 3286 absolutus
1573 3225 1755 3286 Societatem
1785 3223 1908 3302 ingres·
1985 3229 1986 3291 1

431 3311 631 3374 1103101118
647 3309 805 3384 domnus,
827 3309 939 3382 Italus,
959 3309 1118 3388 Lugaueu·
1171 3337 1223 3376 aus
1244 3325 1275 3376 at
1299 3314 1444 3376 absolutis
1479 3336 1544 3376 curn
1571 3313 1662 3374 laude
1684 3311 1789 3374 studiis
1811 3315 1908 3374 tertio
1984 3351 1985 3400 r

386 3401 427 3460 sia
442 3401 474 3460 10
488 3399 611 3462 Ducatu
625 3399 843 3460 Mediolanensi
860 3397 911 3464 13.
927 3399 1003 3460 Dec.
1021 3397 1116 3466 1624.
1170 3406 1328 3486 probatus,
1345 3425 1411 3466 cum
1426 3426 1505 3466 anno
1521 3426 1582 3466 uno
1598 3406 1629 3466 iu
1651 3403 1788 3482 Collegio
1807 3403 1906 3464 Nobi·

385 3501 484 3564 uatus,
515 3499 547 3550 et
567 3499 626 3550 aet.
649 3486 701 3552 17.
722 3490 753 3550 10
773 3491 960 3570 provinciam
979 3490 1116 3550 Auenie-
1170 3497 1243 3558 hum
1259 3497 1445 3556 Therasiauo
1460 3495 1619 3576 Syntaxim
1634 3493 1796 3568 docuisset,
1811 3491 1835 3556 4
1852 3516 1907 3554 vo-

386 3601 451 3642 cam
466 3589 622 3660 receptus,
646 3577 669 3642 4
690 3590 764 3641 vota
783 3582 938 3661 protessus
958 3591 989 3642 et
1009 3583 1116 3644 utrius·
1171 3597 1206 3647 ta
1228 3587 1391 3666 professus,
1412 3585 1450 3646 ob
1470 3587 1622 3665 singulare
1642 3583 1759 3645 dicendi
1790 3584 1908 3646 douurn

386 3691 445 3753 que
460 3672 612 3732 facultatis
627 3671 755 3745 Ductor,
765 3672 838 3752 ipsis
855 3669 898 3734 36
915 3671 1116 3733 0001011000-
1170 3677 1278 3750 Liucii,
1294 3675 1421 3752 Graecii,
1437 3677 1560 3750 Labeci,
1573 3675 1741 3748 Neostadii,
1757 3672 1908 3736 Comerc-

384 3763 485 3822 niores
501 3762 622 3835 classes,
634 3760 869 3841 Philosophiam,
885 3773 916 3822 et
931 3763 1116 3842 Theologiae
1170 3764 1390 3828 00111000οἰ0
1418 3768 1625 3840 concionatus,
1657 3765 1755 3826 soluto
1786 3763 1907 3826 Ordine
1980 3745 1981 3829 1

384 3853 518 3914 diversas
533 3863 636 3933 partes
644 3854 829 3934 Tymauos,
845 3853 964 3913 Graecii
978 3874 1013 3912 ac
1024 3853 1115 3914 Vien·
1171 3855 1350 3919 Comerourii
1364 3857 1415 3938 pie
1430 3857 1559 3918 decessit
1573 3855 1625 3920 19.
1634 3856 1708 3936 11011
1726 3851 1824 3919 1801.
1842 3869 1907 3917 001.
1979 3891 1980 3937 r

385 3943 574 4017 naedocnit,
598 3953 628 4003 et
650 3943 810 4022 singularia
832 3943 927 4004 cultor
941 3943 977 4004 B.
994 3944 1033 4002 V.
1050 3944 1115 4002 Ma·
1171 3943 1223 4010 73,
1977 3969 1979 4064 p

384 4034 448 4094 riae
470 4033 591 4094 Cultum
609 4034 700 4094 etiam
719 4035 786 4114 ejus
808 4031 849 4096 19
871 4035 956 4096 aunis
978 4032 1116 4096 Sodalitii
1236 4037 1339 4100 Edidit
1361 4039 1545 4118 germanice:

386 4144 509 4204 praeses
525 4124 608 4204 apud
627 4123 792 4186 studiosam
806 4125 997 4203 juventutem
1013 4125 1114 4202 singu·
1169 4127 1283 4192 Concio
1299 4129 1432 4190 funebris
1447 4129 1478 4188 iu
1494 4128 1576 4188 obitu
1591 4125 1746 4188 Francisci
1767 4125 1795 4186 L
1810 4127 1907 4188 Rom.

384 4215 486 4276 lariter
501 4215 664 4294 promovit.
680 4213 876 4277 Constantine
887 4235 960 4276 suae
972 4235 1034 4276 000
1050 4215 1114 4276 vnl-
1212 4219 1290 4299 Imp.
1308 4221 1337 4280 10
1352 4219 1497 4300 Exeqniis
1513 4218 1574 4280 010
1594 4217 1731 4296 Collegio
1748 4214 1907 4279 Graecan-

383 4325 457 4386 gare
478 4305 647 4385 exemplum
666 4305 698 4366 in
716 4307 811 4368 turbis
831 4306 1001 4386 hungaricis
1021 4305 1113 4380 dedit,
1212 4311 1237 4372 si
1253 4311 1284 4372 S.
1301 4309 1334 4370 J.
1350 4309 1469 4370 habitis.
1494 4305 1795 4372 (1000061766101.

384 4397 454 4457 dnm
470 4397 503 4455 in
517 4413 656 4455 carceres
670 4405 792 4476 raptus,
808 4398 979 4478 opprobriis
995 4407 1026 4458 et
1045 4417 1111 4458 ver·
1974 4417 1975 4477 1

382 4485 505 4547 ber-ibus
522 4486 659 4558 affectus,
680 4487 1111 4567 01100100000001,01006
1211 4469 1345 4555 rond
1367 4491 1547 4563 Guoaorue,
1577 4487 1831 4569 Trauaylvanus,
1867 4489 1906 4550 il·
1973 4529 1974 4585 t

381 4580 466 4638 furca
485 4575 627 4636 lethalem
649 4576 740 4638 icturn
759 4579 925 4659 acciperet,
957 4579 1032 4638 miro
1052 4577 1112 4638 Dei
1165 4581 1256 4644 lustri
1272 4582 1420 4661 sauguine
1442 4593 1533 4642 natus
1560 4575 1656 4642 1671.
1678 4589 1739 4640 aet.
1765 4575 1819 4640 17.
1846 4577 1906 4640 So·

383 4667 509 4727 consilio
525 4667 679 4728 liberatus.
701 4667 840 4750 Denique
862 4668 1011 4747 gloriosus
1032 4667 1110 4728 Con·
1166 4672 1306 4732 cietatem
1328 4673 1495 4753 amplexus,
1525 4681 1558 4732 et
1587 4667 1609 4732 4
1638 4680 1715 4730 vota
1733 4670 1905 4750 professus,
1972 4637 1973 4693 1

382 4759 481 4818 sessor
495 4758 603 4819 Leobii
623 4759 674 4839 pie
694 4759 768 4820 obiit
791 4757 823 4822 3.
843 4757 920 4839 Aps.
939 4754 1035 4820 1682.
1051 4769 1110 4820 001.
1167 4771 1239 4842 post
1254 4761 1384 4822 traditas
1404 4761 1596 4822 humaniores
1616 4760 1736 4821 litteras
1757 4757 1904 4820 Philoso·
1971 4735 1972 4801 1

379 4845 434 4911 68.
1166 4851 1269 4932 phiam
1292 4873 1328 4912 ac
1343 4851 1543 4932 Theologiam
1558 4851 1778 4932 speculativam
1793 4849 1905 4912 docuit

446 4937 550 4999 Edidit
571 4939 682 4999 latine:
1167 4939 1301 5016 Graecii,
1317 4943 1474 5024 utriusque
1489 4942 1642 5004 facultatis
1655 4939 1774 5002 Ductor
1789 4961 1904 5002 00000-

379 5029 619 5108 Epigrammata
636 5029 773 5089 Viennae
791 5023 888 5090 1666.
905 5025 936 5090 8.
1166 5033 1275 5094 010100.
1304 5033 1409 5093 Zelum
1435 5035 1619 5106 animarum,
1645 5051 1703 5114 quo
1730 5033 1904 5106 aestuavit,

379 5121 487 5180 Annus
511 5120 628 5180 Domus
648 5119 829 5180 Austriacae
851 5119 1014 5198 jubilaeus,
1044 5141 1111 5202 sep·
1168 5122 1199 5182 in
1219 5123 1313 5183 variis
1338 5123 1533 5186 missionibus
1554 5145 1610 5204 per
1630 5143 1747 5184 onmem
1767 5121 1901 5202 110030-
