<?xml version="1.0" encoding="UTF-8"?>
<!DOCTYPE html PUBLIC "-//W3C//DTD XHTML 1.0 Transitional//EN"
    "http://www.w3.org/TR/xhtml1/DTD/xhtml1-transitional.dtd">
<html xmlns="http://www.w3.org/1999/xhtml" xml:lang="en" lang="en">
 <head>
  <title>
</title>
<meta http-equiv="Content-Type" content="text/html;charset=utf-8" />
  <meta name='ocr-system' content='tesseract 3.04.00' />
  <meta name='ocr-capabilities' content='ocr_page ocr_carea ocr_par ocr_line ocrx_word'/>
</head>
<body>
  <div class='ocr_page' id='page_1' title='image "./scriptoresprovi00jesugoog_0144.png"; bbox 0 0 3990 5950; ppageno 0'>
   <div class='ocr_carea' id='block_1_1' title="bbox 752 377 994 442">
    <p class='ocr_par' dir='ltr' id='par_1_1' title="bbox 752 377 994 442">
     <span class='ocr_line' id='line_1_1' title="bbox 752 377 994 442; baseline 0 -1"><span class='ocrx_word' id='word_1_1' title='bbox 752 377 994 442; x_wconf 80' lang='lat'>-131-</span> 
     </span>
    </p>
   </div>
   <div class='ocr_carea' id='block_1_2' title="bbox 121 533 840 896">
    <p class='ocr_par' dir='ltr' id='par_1_2' title="bbox 161 533 840 694">
     <span class='ocr_line' id='line_1_2' title="bbox 163 533 840 604; baseline 0.016 -11"><span class='ocrx_word' id='word_1_2' title='bbox 163 533 232 595; x_wconf 84' lang='grc'><strong>11011</strong></span> <span class='ocrx_word' id='word_1_3' title='bbox 264 535 300 598; x_wconf 80' lang='lat' dir='ltr'><strong>de</strong></span> <span class='ocrx_word' id='word_1_4' title='bbox 322 543 477 604; x_wconf 84' lang='lat' dir='ltr'><strong>Parallaxi</strong></span> <span class='ocrx_word' id='word_1_5' title='bbox 497 543 577 604; x_wconf 85' lang='lat' dir='ltr'><strong>Solis</strong></span> <span class='ocrx_word' id='word_1_6' title='bbox 606 563 644 602; x_wconf 84' lang='lat' dir='ltr'><strong>ex</strong></span> <span class='ocrx_word' id='word_1_7' title='bbox 674 553 840 604; x_wconf 89' lang='lat' dir='ltr'><strong>memorato</strong></span> 
     </span>
     <span class='ocr_line' id='line_1_3' title="bbox 161 628 534 694; baseline 0.027 -10"><span class='ocrx_word' id='word_1_8' title='bbox 161 628 289 686; x_wconf 88' lang='lat' dir='ltr'><strong>transitu</strong></span> <span class='ocrx_word' id='word_1_9' title='bbox 306 633 385 692; x_wconf 81' lang='lat' dir='ltr'><strong>Solis</strong></span> <span class='ocrx_word' id='word_1_10' title='bbox 402 633 534 694; x_wconf 83' lang='lat' dir='ltr'><strong>definito.</strong></span> 
     </span>
    </p>

    <p class='ocr_par' dir='ltr' id='par_1_3' title="bbox 121 713 840 896">
     <span class='ocr_line' id='line_1_4' title="bbox 121 713 840 804; baseline 0.017 -31"><span class='ocrx_word' id='word_1_11' title='bbox 121 715 175 774; x_wconf 87' lang='lat' dir='ltr'><strong>Pro</strong></span> <span class='ocrx_word' id='word_1_12' title='bbox 194 713 297 778; x_wconf 78' lang='lat'>1774:</span> <span class='ocrx_word' id='word_1_13' title='bbox 323 723 570 804; x_wconf 82' lang='lat' dir='ltr'><strong>Supplementnm</strong></span> <span class='ocrx_word' id='word_1_14' title='bbox 582 723 671 801; x_wconf 88' lang='lat' dir='ltr'><strong>hujus</strong></span> <span class='ocrx_word' id='word_1_15' title='bbox 688 725 840 785; x_wconf 89' lang='lat' dir='ltr'><strong>Disserta-</strong></span> 
     </span>
     <span class='ocr_line' id='line_1_5' title="bbox 161 807 839 896; baseline 0.006 -25"><span class='ocrx_word' id='word_1_16' title='bbox 161 807 260 866; x_wconf 76' lang='lat' dir='ltr'><strong>tionis.</strong></span> <span class='ocrx_word' id='word_1_17' title='bbox 279 847 321 858; x_wconf 84' lang='lat'><strong>-—</strong></span> <span class='ocrx_word' id='word_1_18' title='bbox 338 813 560 896; x_wconf 88' lang='lat' dir='ltr'><strong>DisquisiticP.</strong></span> <span class='ocrx_word' id='word_1_19' title='bbox 577 813 711 893; x_wconf 82' lang='lat' dir='ltr'><strong>Pilgram</strong></span> <span class='ocrx_word' id='word_1_20' title='bbox 727 814 765 875; x_wconf 92' lang='lat' dir='ltr'><strong>de</strong></span> <span class='ocrx_word' id='word_1_21' title='bbox 786 835 839 895; x_wconf 92' lang='lat' dir='ltr'><strong>pa·</strong></span> 
     </span>
    </p>
   </div>
   <div class='ocr_carea' id='block_1_3' title="bbox 156 897 840 1145">
    <p class='ocr_par' dir='ltr' id='par_1_4' title="bbox 156 897 840 1145">
     <span class='ocr_line' id='line_1_6' title="bbox 159 897 839 966; baseline 0.019 -13"><span class='ocrx_word' id='word_1_22' title='bbox 159 897 267 960; x_wconf 79' lang='lat' dir='ltr'><strong>rallaxi</strong></span> <span class='ocrx_word' id='word_1_23' title='bbox 281 903 362 964; x_wconf 82' lang='lat' dir='ltr'><strong>Solis</strong></span> <span class='ocrx_word' id='word_1_24' title='bbox 387 925 425 964; x_wconf 81' lang='lat' dir='ltr'><strong>ex</strong></span> <span class='ocrx_word' id='word_1_25' title='bbox 442 904 574 966; x_wconf 75' lang='lat' dir='ltr'><strong>duobus·</strong></span> <span class='ocrx_word' id='word_1_26' title='bbox 585 905 710 966; x_wconf 91' lang='lat' dir='ltr'><strong>internis</strong></span> <span class='ocrx_word' id='word_1_27' title='bbox 734 915 839 966; x_wconf 91' lang='lat' dir='ltr'><strong>eonta-</strong></span> 
     </span>
     <span class='ocr_line' id='line_1_7' title="bbox 158 987 839 1068; baseline 0.015 -24"><span class='ocrx_word' id='word_1_28' title='bbox 158 987 255 1047; x_wconf 90' lang='lat' dir='ltr'><strong>etibus</strong></span> <span class='ocrx_word' id='word_1_29' title='bbox 269 993 405 1068; x_wconf 90' lang='lat' dir='ltr'><strong>Veneris,</strong></span> <span class='ocrx_word' id='word_1_30' title='bbox 418 995 447 1054; x_wconf 94' lang='lat' dir='ltr'><strong>in</strong></span> <span class='ocrx_word' id='word_1_31' title='bbox 456 996 562 1055; x_wconf 89' lang='lat' dir='ltr'><strong>eodem</strong></span> <span class='ocrx_word' id='word_1_32' title='bbox 578 995 645 1054; x_wconf 93' lang='lat' dir='ltr'><strong>loeo</strong></span> <span class='ocrx_word' id='word_1_33' title='bbox 657 995 839 1056; x_wconf 90' lang='lat' dir='ltr'><strong>observatis.</strong></span> 
     </span>
     <span class='ocr_line' id='line_1_8' title="bbox 156 1080 840 1145; baseline 0.006 -5"><span class='ocrx_word' id='word_1_34' title='bbox 156 1111 199 1124; x_wconf 92' lang='lat'>—</span> <span class='ocrx_word' id='word_1_35' title='bbox 216 1080 703 1144; x_wconf 84' lang='lat' dir='ltr'><strong>SolutioutilissimiProblematis</strong></span> <span class='ocrx_word' id='word_1_36' title='bbox 712 1085 747 1144; x_wconf 89' lang='lat' dir='ltr'><strong>P.</strong></span> <span class='ocrx_word' id='word_1_37' title='bbox 765 1085 840 1145; x_wconf 90' lang='lat' dir='ltr'><strong>Hal·</strong></span> 
     </span>
    </p>
   </div>
   <div class='ocr_carea' id='block_1_4' title="bbox 942 527 1800 604">
    <p class='ocr_par' dir='ltr' id='par_1_5' title="bbox 942 527 1800 604">
     <span class='ocr_line' id='line_1_9' title="bbox 942 527 1800 604; baseline -0.002 -4"><span class='ocrx_word' id='word_1_38' title='bbox 942 537 1628 604; x_wconf 76' lang='lat' dir='ltr'><strong>aberrationemetnutationum1528xa-</strong></span> <span class='ocrx_word' id='word_1_39' title='bbox 1732 527 1735 532; x_wconf 40' lang='lat'>¹</span> <span class='ocrx_word' id='word_1_40' title='bbox 1797 531 1800 538; x_wconf 72' lang='grc'><strong><em>’</em></strong></span> 
     </span>
    </p>
   </div>
   <div class='ocr_carea' id='block_1_5' title="bbox 895 631 1628 982">
    <p class='ocr_par' dir='ltr' id='par_1_6' title="bbox 941 631 1628 894">
     <span class='ocr_line' id='line_1_10' title="bbox 942 631 1627 714; baseline 0.004 -23"><span class='ocrx_word' id='word_1_41' title='bbox 942 653 1008 692; x_wconf 89' lang='lat' dir='ltr'><strong>rum</strong></span> <span class='ocrx_word' id='word_1_42' title='bbox 1025 631 1168 712; x_wconf 82' lang='lat' dir='ltr'><strong>(latelogi</strong></span> <span class='ocrx_word' id='word_1_43' title='bbox 1184 633 1358 711; x_wconf 83' lang='lat' dir='ltr'><strong>Bratllsjani</strong></span> <span class='ocrx_word' id='word_1_44' title='bbox 1379 653 1440 694; x_wconf 91' lang='lat' dir='ltr'><strong>una</strong></span> <span class='ocrx_word' id='word_1_45' title='bbox 1461 653 1527 694; x_wconf 83' lang='lat' dir='ltr'><strong>curn</strong></span> <span class='ocrx_word' id='word_1_46' title='bbox 1551 634 1627 714; x_wconf 81' lang='lat' dir='ltr'><strong>Sup-</strong></span> 
     </span>
     <span class='ocr_line' id='line_1_11' title="bbox 941 723 1628 804; baseline 0.004 -23"><span class='ocrx_word' id='word_1_47' title='bbox 941 723 1091 802; x_wconf 89' lang='lat' dir='ltr'><strong>plemento</strong></span> <span class='ocrx_word' id='word_1_48' title='bbox 1111 725 1286 804; x_wconf 82' lang='lat' dir='ltr'><strong>eOatalogo</strong></span> <span class='ocrx_word' id='word_1_49' title='bbox 1301 724 1411 784; x_wconf 87' lang='lat' dir='ltr'><strong>Oaillii.</strong></span> <span class='ocrx_word' id='word_1_50' title='bbox 1429 723 1547 785; x_wconf 82' lang='lat' dir='ltr'><strong>Astora</strong></span> <span class='ocrx_word' id='word_1_51' title='bbox 1566 725 1628 784; x_wconf 76' lang='lat' dir='ltr'><strong>An·</strong></span> 
     </span>
     <span class='ocr_line' id='line_1_12' title="bbox 942 813 1187 894; baseline 0.008 -23"><span class='ocrx_word' id='word_1_52' title='bbox 942 813 1025 871; x_wconf 88' lang='lat' dir='ltr'><strong>tonio</strong></span> <span class='ocrx_word' id='word_1_53' title='bbox 1042 813 1187 894; x_wconf 82' lang='lat' dir='ltr'><strong>Pilgram.</strong></span> 
     </span>
    </p>

    <p class='ocr_par' dir='ltr' id='par_1_7' title="bbox 895 898 1626 982">
     <span class='ocr_line' id='line_1_13' title="bbox 895 898 1626 982; baseline 0.007 -23"><span class='ocrx_word' id='word_1_54' title='bbox 895 901 956 960; x_wconf 89' lang='lat' dir='ltr'><strong>Pro</strong></span> <span class='ocrx_word' id='word_1_55' title='bbox 984 898 1080 965; x_wconf 82' lang='lat'>1786.</span> <span class='ocrx_word' id='word_1_56' title='bbox 1111 903 1348 964; x_wconf 89' lang='lat' dir='ltr'><strong>Observationes</strong></span> <span class='ocrx_word' id='word_1_57' title='bbox 1374 905 1626 982; x_wconf 82' lang='lat' dir='ltr'><strong>meteorologieac</strong></span> 
     </span>
    </p>
   </div>
   <div class='ocr_carea' id='block_1_6' title="bbox 941 991 1627 1069">
    <p class='ocr_par' dir='ltr' id='par_1_8' title="bbox 941 991 1627 1069">
     <span class='ocr_line' id='line_1_14' title="bbox 941 991 1627 1069; baseline 0.007 -18"><span class='ocrx_word' id='word_1_58' title='bbox 941 1013 1088 1054; x_wconf 90' lang='lat' dir='ltr'><strong>annorum</strong></span> <span class='ocrx_word' id='word_1_59' title='bbox 1116 992 1212 1069; x_wconf 86' lang='lat'>1781,</span> <span class='ocrx_word' id='word_1_60' title='bbox 1247 991 1333 1056; x_wconf 84' lang='grc'><strong>1782</strong></span> <span class='ocrx_word' id='word_1_61' title='bbox 1363 1003 1394 1054; x_wconf 84' lang='lat' dir='ltr'><strong>et</strong></span> <span class='ocrx_word' id='word_1_62' title='bbox 1417 991 1514 1057; x_wconf 84' lang='lat'>1783.</span> <span class='ocrx_word' id='word_1_63' title='bbox 1537 996 1627 1056; x_wconf 85' lang='lat' dir='ltr'><strong>Vien-</strong></span> 
     </span>
    </p>
   </div>
   <div class='ocr_carea' id='block_1_7' title="bbox 940 1084 1626 1162">
    <p class='ocr_par' dir='ltr' id='par_1_9' title="bbox 940 1084 1626 1162">
     <span class='ocr_line' id='line_1_15' title="bbox 940 1084 1626 1162; baseline 0.009 -20"><span class='ocrx_word' id='word_1_64' title='bbox 940 1103 1000 1142; x_wconf 88' lang='lat' dir='ltr'><strong>nae</strong></span> <span class='ocrx_word' id='word_1_65' title='bbox 1019 1084 1156 1162; x_wconf 88' lang='lat' dir='ltr'><strong>babitae;</strong></span> <span class='ocrx_word' id='word_1_66' title='bbox 1182 1105 1243 1146; x_wconf 90' lang='lat' dir='ltr'><strong>una</strong></span> <span class='ocrx_word' id='word_1_67' title='bbox 1271 1105 1337 1145; x_wconf 89' lang='lat' dir='ltr'><strong>cum</strong></span> <span class='ocrx_word' id='word_1_68' title='bbox 1360 1085 1626 1148; x_wconf 83' lang='lat' dir='ltr'><strong>observationibus</strong></span> 
     </span>
    </p>
   </div>
   <div class='ocr_carea' id='block_1_8' title="bbox 156 1168 1626 1257">
    <p class='ocr_par' dir='ltr' id='par_1_10' title="bbox 156 1168 1626 1257">
     <span class='ocr_line' id='line_1_16' title="bbox 156 1168 1626 1257; baseline 0.007 -30"><span class='ocrx_word' id='word_1_69' title='bbox 156 1168 280 1233; x_wconf 87' lang='lat' dir='ltr'><strong>lerstein</strong></span> <span class='ocrx_word' id='word_1_70' title='bbox 295 1175 406 1235; x_wconf 85' lang='lat' dir='ltr'><strong>Pekini</strong></span> <span class='ocrx_word' id='word_1_71' title='bbox 420 1174 637 1236; x_wconf 86' lang='lat' dir='ltr'><strong>Mandarinide</strong></span> <span class='ocrx_word' id='word_1_72' title='bbox 650 1175 842 1256; x_wconf 87' lang='lat' dir='ltr'><strong>supputanda</strong></span> <span class='ocrx_word' id='word_1_73' title='bbox 940 1177 1152 1236; x_wconf 77' lang='lat' dir='ltr'><strong>astronomicis</strong></span> <span class='ocrx_word' id='word_1_74' title='bbox 1179 1177 1314 1238; x_wconf 85' lang='lat' dir='ltr'><strong>Viennae</strong></span> <span class='ocrx_word' id='word_1_75' title='bbox 1340 1175 1468 1257; x_wconf 89' lang='lat' dir='ltr'><strong>aliisque</strong></span> <span class='ocrx_word' id='word_1_76' title='bbox 1496 1179 1526 1236; x_wconf 93' lang='lat' dir='ltr'><strong>in</strong></span> <span class='ocrx_word' id='word_1_77' title='bbox 1552 1178 1626 1238; x_wconf 87' lang='lat' dir='ltr'><strong>loeis</strong></span> 
     </span>
    </p>
   </div>
   <div class='ocr_carea' id='block_1_9' title="bbox 75 1258 839 2865">
    <p class='ocr_par' dir='ltr' id='par_1_11' title="bbox 156 1258 762 1327">
     <span class='ocr_line' id='line_1_17' title="bbox 156 1258 762 1327; baseline 0.012 -8"><span class='ocrx_word' id='word_1_78' title='bbox 156 1258 303 1324; x_wconf 71' lang='lat' dir='ltr'><strong>distantia</strong></span> <span class='ocrx_word' id='word_1_79' title='bbox 319 1267 441 1327; x_wconf 90' lang='lat' dir='ltr'><strong>minima</strong></span> <span class='ocrx_word' id='word_1_80' title='bbox 455 1275 512 1326; x_wconf 90' lang='lat' dir='ltr'><strong>ete.</strong></span> <span class='ocrx_word' id='word_1_81' title='bbox 530 1265 607 1326; x_wconf 83' lang='lat' dir='ltr'>Vide</span> <span class='ocrx_word' id='word_1_82' title='bbox 624 1265 762 1326; x_wconf 87' lang='lat' dir='ltr'><strong>eundem.</strong></span> 
     </span>
    </p>

    <p class='ocr_par' dir='ltr' id='par_1_12' title="bbox 115 1347 839 1868">
     <span class='ocr_line' id='line_1_18' title="bbox 115 1347 839 1417; baseline 0.007 -6"><span class='ocrx_word' id='word_1_83' title='bbox 115 1347 172 1409; x_wconf 88' lang='lat' dir='ltr'><strong>Pro</strong></span> <span class='ocrx_word' id='word_1_84' title='bbox 190 1350 290 1415; x_wconf 79' lang='grc'><strong>1775.</strong></span> <span class='ocrx_word' id='word_1_85' title='bbox 306 1356 545 1416; x_wconf 86' lang='lat' dir='ltr'><strong>Dissertationes</strong></span> <span class='ocrx_word' id='word_1_86' title='bbox 555 1356 642 1416; x_wconf 85' lang='lat' dir='ltr'>duae.</span> <span class='ocrx_word' id='word_1_87' title='bbox 652 1357 678 1416; x_wconf 95' lang='lat' dir='ltr'><strong>I.</strong></span> <span class='ocrx_word' id='word_1_88' title='bbox 694 1355 839 1417; x_wconf 78' lang='grc'><strong>01000100-</strong></span> 
     </span>
     <span class='ocr_line' id='line_1_19' title="bbox 156 1445 839 1527; baseline 0.009 -27"><span class='ocrx_word' id='word_1_89' title='bbox 156 1455 292 1505; x_wconf 85' lang='lat' dir='ltr'><strong>curatam</strong></span> <span class='ocrx_word' id='word_1_90' title='bbox 309 1447 483 1508; x_wconf 81' lang='lat' dir='ltr'><strong>methodum</strong></span> <span class='ocrx_word' id='word_1_91' title='bbox 503 1467 562 1527; x_wconf 91' lang='lat' dir='ltr'><strong>ope</strong></span> <span class='ocrx_word' id='word_1_92' title='bbox 584 1445 677 1506; x_wconf 86' lang='lat' dir='ltr'><strong>solius</strong></span> <span class='ocrx_word' id='word_1_93' title='bbox 702 1447 767 1506; x_wconf 90' lang='lat' dir='ltr'><strong>tubi</strong></span> <span class='ocrx_word' id='word_1_94' title='bbox 787 1449 839 1506; x_wconf 90' lang='lat' dir='ltr'><strong>mi-</strong></span> 
     </span>
     <span class='ocr_line' id='line_1_20' title="bbox 154 1535 839 1618; baseline 0.01 -28"><span class='ocrx_word' id='word_1_95' title='bbox 154 1547 306 1597; x_wconf 87' lang='lat' dir='ltr'><strong>erometro</strong></span> <span class='ocrx_word' id='word_1_96' title='bbox 323 1538 473 1611; x_wconf 79' lang='lat' dir='ltr'><strong>instructi,</strong></span> <span class='ocrx_word' id='word_1_97' title='bbox 493 1539 661 1618; x_wconf 71' lang='lat' dir='ltr'><strong>praecisam</strong></span> <span class='ocrx_word' id='word_1_98' title='bbox 681 1535 839 1598; x_wconf 84' lang='lat' dir='ltr'><strong>deliniendi</strong></span> 
     </span>
     <span class='ocr_line' id='line_1_21' title="bbox 153 1623 837 1708; baseline 0.009 -26"><span class='ocrx_word' id='word_1_99' title='bbox 153 1623 357 1687; x_wconf 75' lang='lat' dir='ltr'><strong>elevationem</strong></span> <span class='ocrx_word' id='word_1_100' title='bbox 372 1629 444 1708; x_wconf 90' lang='lat' dir='ltr'><strong>poli.</strong></span> <span class='ocrx_word' id='word_1_101' title='bbox 469 1627 511 1688; x_wconf 91' lang='lat'><strong>11.</strong></span> <span class='ocrx_word' id='word_1_102' title='bbox 536 1627 574 1688; x_wconf 90' lang='lat' dir='ltr'><strong>de</strong></span> <span class='ocrx_word' id='word_1_103' title='bbox 593 1647 667 1688; x_wconf 87' lang='lat' dir='ltr'><strong>vera</strong></span> <span class='ocrx_word' id='word_1_104' title='bbox 691 1629 837 1707; x_wconf 80' lang='lat' dir='ltr'><strong>magnitu-</strong></span> 
     </span>
     <span class='ocr_line' id='line_1_22' title="bbox 153 1713 837 1799; baseline 0.009 -26"><span class='ocrx_word' id='word_1_105' title='bbox 153 1713 220 1776; x_wconf 86' lang='lat' dir='ltr'><strong>dine</strong></span> <span class='ocrx_word' id='word_1_106' title='bbox 248 1727 416 1798; x_wconf 75' lang='lat' dir='ltr'><strong>appetente</strong></span> <span class='ocrx_word' id='word_1_107' title='bbox 442 1718 581 1778; x_wconf 88' lang='lat' dir='ltr'><strong>diametri</strong></span> <span class='ocrx_word' id='word_1_108' title='bbox 609 1719 699 1778; x_wconf 90' lang='lat' dir='ltr'><strong>lunae</strong></span> <span class='ocrx_word' id='word_1_109' title='bbox 728 1719 837 1799; x_wconf 77' lang='lat' dir='ltr'><strong>plenae</strong></span> 
     </span>
     <span class='ocr_line' id='line_1_23' title="bbox 154 1807 482 1868; baseline 0.012 -4"><span class='ocrx_word' id='word_1_110' title='bbox 154 1807 245 1867; x_wconf 90' lang='lat' dir='ltr'><strong>cenlo</strong></span> <span class='ocrx_word' id='word_1_111' title='bbox 262 1809 370 1868; x_wconf 85' lang='lat' dir='ltr'><strong>inermi</strong></span> <span class='ocrx_word' id='word_1_112' title='bbox 386 1809 482 1868; x_wconf 90' lang='lat' dir='ltr'><strong>visae.</strong></span> 
     </span>
    </p>

    <p class='ocr_par' dir='ltr' id='par_1_13' title="bbox 114 1892 838 2342">
     <span class='ocr_line' id='line_1_24' title="bbox 114 1892 837 1980; baseline 0.004 -24"><span class='ocrx_word' id='word_1_113' title='bbox 114 1892 168 1956; x_wconf 88' lang='lat' dir='ltr'><strong>Pro</strong></span> <span class='ocrx_word' id='word_1_114' title='bbox 185 1895 292 1960; x_wconf 85' lang='lat'>1778:</span> <span class='ocrx_word' id='word_1_115' title='bbox 316 1898 837 1980; x_wconf 85' lang='lat' dir='ltr'><strong>Appendixobservationumastro-</strong></span> 
     </span>
     <span class='ocr_line' id='line_1_25' title="bbox 152 1985 837 2053; baseline 0.001 -5"><span class='ocrx_word' id='word_1_116' title='bbox 152 1989 436 2050; x_wconf 85' lang='lat' dir='ltr'><strong>nomicarumanno</strong></span> <span class='ocrx_word' id='word_1_117' title='bbox 455 1987 552 2053; x_wconf 85' lang='grc'><strong>1772.</strong></span> <span class='ocrx_word' id='word_1_118' title='bbox 565 1985 837 2051; x_wconf 60' lang='grc'><strong>7374787100-</strong></span> 
     </span>
     <span class='ocr_line' id='line_1_26' title="bbox 151 2078 838 2158; baseline 0.003 -20"><span class='ocrx_word' id='word_1_119' title='bbox 151 2100 206 2139; x_wconf 89' lang='lat' dir='ltr'><strong>nae</strong></span> <span class='ocrx_word' id='word_1_120' title='bbox 224 2087 259 2140; x_wconf 89' lang='lat' dir='ltr'><strong>et</strong></span> <span class='ocrx_word' id='word_1_121' title='bbox 276 2078 349 2140; x_wconf 90' lang='lat' dir='ltr'><strong>alibi</strong></span> <span class='ocrx_word' id='word_1_122' title='bbox 364 2080 498 2140; x_wconf 89' lang='lat' dir='ltr'><strong>locorum</strong></span> <span class='ocrx_word' id='word_1_123' title='bbox 515 2081 672 2154; x_wconf 79' lang='lat' dir='ltr'><strong>laetorum,</strong></span> <span class='ocrx_word' id='word_1_124' title='bbox 690 2079 838 2158; x_wconf 85' lang='lat' dir='ltr'><strong>dirigente</strong></span> 
     </span>
     <span class='ocr_line' id='line_1_27' title="bbox 151 2170 838 2250; baseline 0.001 -21"><span class='ocrx_word' id='word_1_125' title='bbox 151 2171 245 2244; x_wconf 83' lang='lat' dir='ltr'><strong>Hell,</strong></span> <span class='ocrx_word' id='word_1_126' title='bbox 275 2171 496 2230; x_wconf 78' lang='lat' dir='ltr'><strong>calculantibus</strong></span> <span class='ocrx_word' id='word_1_127' title='bbox 521 2171 643 2250; x_wconf 86' lang='lat' dir='ltr'><strong>Ignatio</strong></span> <span class='ocrx_word' id='word_1_128' title='bbox 669 2171 706 2230; x_wconf 88' lang='lat' dir='ltr'><strong>L.</strong></span> <span class='ocrx_word' id='word_1_129' title='bbox 736 2171 771 2232; x_wconf 91' lang='grc' dir='ltr'><strong>Β.</strong></span> <span class='ocrx_word' id='word_1_130' title='bbox 801 2170 838 2230; x_wconf 89' lang='lat' dir='ltr'><strong>de</strong></span> 
     </span>
     <span class='ocr_line' id='line_1_28' title="bbox 150 2259 838 2342; baseline 0.001 -22"><span class='ocrx_word' id='word_1_131' title='bbox 150 2261 229 2320; x_wconf 86' lang='lat' dir='ltr'><strong>Rain</strong></span> <span class='ocrx_word' id='word_1_132' title='bbox 249 2271 279 2320; x_wconf 90' lang='lat' dir='ltr'><strong>et</strong></span> <span class='ocrx_word' id='word_1_133' title='bbox 296 2262 458 2321; x_wconf 83' lang='lat' dir='ltr'><strong>Franciseo</strong></span> <span class='ocrx_word' id='word_1_134' title='bbox 480 2259 687 2334; x_wconf 81' lang='lat' dir='ltr'><strong>Ouessmann,</strong></span> <span class='ocrx_word' id='word_1_135' title='bbox 709 2270 838 2342; x_wconf 88' lang='lat' dir='ltr'><strong>utroque</strong></span> 
     </span>
    </p>

    <p class='ocr_par' dir='ltr' id='par_1_14' title="bbox 75 2351 687 2412">
     <span class='ocr_line' id='line_1_29' title="bbox 75 2351 687 2412; baseline -0.002 -1"><span class='ocrx_word' id='word_1_136' title='bbox 75 2383 76 2388; x_wconf 43' lang='lat'>.</span> <span class='ocrx_word' id='word_1_137' title='bbox 151 2351 181 2411; x_wconf 83' lang='lat'><strong>8.</strong></span> <span class='ocrx_word' id='word_1_138' title='bbox 197 2351 234 2410; x_wconf 90' lang='lat' dir='ltr'><strong>J.</strong></span> <span class='ocrx_word' id='word_1_139' title='bbox 253 2353 445 2411; x_wconf 63' lang='lat' dir='ltr'><strong>astronomis</strong></span> <span class='ocrx_word' id='word_1_140' title='bbox 461 2351 687 2412; x_wconf 88' lang='lat' dir='ltr'><strong>Universitatis.</strong></span> 
     </span>
    </p>

    <p class='ocr_par' dir='ltr' id='par_1_15' title="bbox 112 2439 837 2865">
     <span class='ocr_line' id='line_1_30' title="bbox 112 2439 836 2504; baseline 0 -6"><span class='ocrx_word' id='word_1_141' title='bbox 112 2441 165 2500; x_wconf 89' lang='lat' dir='ltr'><strong>Pro</strong></span> <span class='ocrx_word' id='word_1_142' title='bbox 183 2439 287 2504; x_wconf 82' lang='lat'>1777.</span> <span class='ocrx_word' id='word_1_143' title='bbox 310 2441 484 2502; x_wconf 84' lang='lat' dir='ltr'><strong>Admonitio</strong></span> <span class='ocrx_word' id='word_1_144' title='bbox 501 2443 536 2502; x_wconf 93' lang='lat' dir='ltr'><strong>P.</strong></span> <span class='ocrx_word' id='word_1_145' title='bbox 555 2441 627 2502; x_wconf 87' lang='lat' dir='ltr'><strong>Heli</strong></span> <span class='ocrx_word' id='word_1_146' title='bbox 644 2441 682 2501; x_wconf 87' lang='lat' dir='ltr'><strong>ad</strong></span> <span class='ocrx_word' id='word_1_147' title='bbox 699 2451 836 2502; x_wconf 84' lang='lat' dir='ltr'><strong>astrono-</strong></span> 
     </span>
     <span class='ocr_line' id='line_1_31' title="bbox 151 2531 837 2593; baseline 0.001 -2"><span class='ocrx_word' id='word_1_148' title='bbox 151 2553 213 2592; x_wconf 89' lang='lat' dir='ltr'><strong>mos</strong></span> <span class='ocrx_word' id='word_1_149' title='bbox 240 2531 277 2592; x_wconf 87' lang='lat' dir='ltr'><strong>de</strong></span> <span class='ocrx_word' id='word_1_150' title='bbox 298 2534 428 2592; x_wconf 89' lang='lat' dir='ltr'><strong>transitu</strong></span> <span class='ocrx_word' id='word_1_151' title='bbox 457 2533 595 2593; x_wconf 76' lang='lat' dir='ltr'><strong>satellitis</strong></span> <span class='ocrx_word' id='word_1_152' title='bbox 616 2533 744 2592; x_wconf 89' lang='lat' dir='ltr'><strong>Veneris</strong></span> <span class='ocrx_word' id='word_1_153' title='bbox 766 2543 837 2592; x_wconf 89' lang='lat' dir='ltr'><strong>aute</strong></span> 
     </span>
     <span class='ocr_line' id='line_1_32' title="bbox 151 2619 836 2685; baseline 0.003 -3"><span class='ocrx_word' id='word_1_154' title='bbox 151 2623 268 2682; x_wconf 78' lang='grc'><strong>(1100000</strong></span> <span class='ocrx_word' id='word_1_155' title='bbox 292 2623 363 2682; x_wconf 88' lang='lat' dir='ltr'><strong>solis</strong></span> <span class='ocrx_word' id='word_1_156' title='bbox 391 2623 440 2683; x_wconf 84' lang='lat' dir='ltr'><strong>die</strong></span> <span class='ocrx_word' id='word_1_157' title='bbox 460 2624 486 2683; x_wconf 92' lang='lat'><strong>1.</strong></span> <span class='ocrx_word' id='word_1_158' title='bbox 508 2623 582 2682; x_wconf 87' lang='lat' dir='ltr'><strong>Jun.</strong></span> <span class='ocrx_word' id='word_1_159' title='bbox 612 2619 708 2685; x_wconf 89' lang='lat'>1777.</span> <span class='ocrx_word' id='word_1_160' title='bbox 732 2643 836 2684; x_wconf 90' lang='lat' dir='ltr'><strong>seeun-</strong></span> 
     </span>
     <span class='ocr_line' id='line_1_33' title="bbox 150 2713 831 2774; baseline -0.001 -1"><span class='ocrx_word' id='word_1_161' title='bbox 150 2713 219 2774; x_wconf 86' lang='lat' dir='ltr'><strong>dum</strong></span> <span class='ocrx_word' id='word_1_162' title='bbox 239 2714 421 2774; x_wconf 78' lang='lat' dir='ltr'><strong>sementiam</strong></span> <span class='ocrx_word' id='word_1_163' title='bbox 436 2713 477 2774; x_wconf 93' lang='lat' dir='ltr'><strong>D.</strong></span> <span class='ocrx_word' id='word_1_164' title='bbox 501 2713 645 2773; x_wconf 89' lang='lat' dir='ltr'><strong>Lambert</strong></span> <span class='ocrx_word' id='word_1_165' title='bbox 669 2713 831 2773; x_wconf 87' lang='lat' dir='ltr'><strong>observan-</strong></span> 
     </span>
     <span class='ocr_line' id='line_1_34' title="bbox 150 2803 831 2865; baseline 0.001 -2"><span class='ocrx_word' id='word_1_166' title='bbox 150 2805 196 2864; x_wconf 85' lang='lat' dir='ltr'><strong>do.</strong></span> <span class='ocrx_word' id='word_1_167' title='bbox 216 2835 263 2850; x_wconf 83' lang='lat'><strong>..</strong></span> <span class='ocrx_word' id='word_1_168' title='bbox 281 2803 415 2864; x_wconf 74' lang='lat' dir='ltr'><strong>Theonis</strong></span> <span class='ocrx_word' id='word_1_169' title='bbox 431 2825 513 2864; x_wconf 88' lang='lat' dir='ltr'><strong>nova</strong></span> <span class='ocrx_word' id='word_1_170' title='bbox 527 2804 669 2863; x_wconf 77' lang='lat' dir='ltr'><strong>Aurorae</strong></span> <span class='ocrx_word' id='word_1_171' title='bbox 690 2804 831 2865; x_wconf 87' lang='lat' dir='ltr'><strong>borealis.</strong></span> 
     </span>
    </p>
   </div>
   <div class='ocr_carea' id='block_1_10' title="bbox 111 2894 840 5055">
    <p class='ocr_par' dir='ltr' id='par_1_16' title="bbox 148 2894 629 2974">
     <span class='ocr_line' id='line_1_35' title="bbox 148 2894 629 2974; baseline -0.002 -20"><span class='ocrx_word' id='word_1_172' title='bbox 148 2929 189 2940; x_wconf 93' lang='grc'><strong>-</strong></span> <span class='ocrx_word' id='word_1_173' title='bbox 206 2894 318 2954; x_wconf 85' lang='lat' dir='ltr'><strong>Scelus</strong></span> <span class='ocrx_word' id='word_1_174' title='bbox 334 2895 408 2954; x_wconf 84' lang='lat' dir='ltr'><strong>Ant.</strong></span> <span class='ocrx_word' id='word_1_175' title='bbox 425 2895 533 2974; x_wconf 83' lang='lat' dir='ltr'><strong>Meyer</strong></span> <span class='ocrx_word' id='word_1_176' title='bbox 548 2894 579 2954; x_wconf 84' lang='lat'><strong>8.</strong></span> <span class='ocrx_word' id='word_1_177' title='bbox 596 2894 629 2953; x_wconf 86' lang='lat' dir='ltr'><strong>J.</strong></span> 
     </span>
    </p>

    <p class='ocr_par' dir='ltr' id='par_1_17' title="bbox 111 2982 579 3066">
     <span class='ocr_line' id='line_1_36' title="bbox 111 2982 579 3066; baseline 0.004 -24"><span class='ocrx_word' id='word_1_178' title='bbox 111 2985 162 3044; x_wconf 89' lang='lat' dir='ltr'><strong>Pro</strong></span> <span class='ocrx_word' id='word_1_179' title='bbox 179 2982 287 3046; x_wconf 90' lang='lat'>1778:</span> <span class='ocrx_word' id='word_1_180' title='bbox 312 2983 465 3066; x_wconf 83' lang='lat' dir='ltr'><strong>appendix</strong></span> <span class='ocrx_word' id='word_1_181' title='bbox 485 2985 579 3044; x_wconf 89' lang='lat' dir='ltr'><strong>nulla.</strong></span> 
     </span>
    </p>

    <p class='ocr_par' dir='ltr' id='par_1_18' title="bbox 111 3073 837 3318">
     <span class='ocr_line' id='line_1_37' title="bbox 111 3073 834 3154; baseline 0.001 -20"><span class='ocrx_word' id='word_1_182' title='bbox 111 3076 164 3134; x_wconf 92' lang='lat' dir='ltr'><strong>Pro</strong></span> <span class='ocrx_word' id='word_1_183' title='bbox 187 3073 294 3137; x_wconf 86' lang='lat'>1779:</span> <span class='ocrx_word' id='word_1_184' title='bbox 320 3075 558 3136; x_wconf 82' lang='lat' dir='ltr'><strong>Observationes</strong></span> <span class='ocrx_word' id='word_1_185' title='bbox 579 3075 834 3154; x_wconf 80' lang='lat' dir='ltr'><strong>meteorologieae</strong></span> 
     </span>
     <span class='ocr_line' id='line_1_38' title="bbox 150 3162 837 3228; baseline 0.001 -3"><span class='ocrx_word' id='word_1_186' title='bbox 150 3167 318 3226; x_wconf 90' lang='lat' dir='ltr'><strong>barometri</strong></span> <span class='ocrx_word' id='word_1_187' title='bbox 333 3177 365 3226; x_wconf 87' lang='lat' dir='ltr'><strong>et</strong></span> <span class='ocrx_word' id='word_1_188' title='bbox 378 3165 581 3226; x_wconf 87' lang='lat' dir='ltr'><strong>thermometri</strong></span> <span class='ocrx_word' id='word_1_189' title='bbox 594 3185 662 3224; x_wconf 89' lang='lat' dir='ltr'><strong>ann.</strong></span> <span class='ocrx_word' id='word_1_190' title='bbox 675 3162 774 3227; x_wconf 79' lang='lat'>1775.</span> <span class='ocrx_word' id='word_1_191' title='bbox 784 3163 837 3228; x_wconf 81' lang='grc'><strong>76.</strong></span> 
     </span>
     <span class='ocr_line' id='line_1_39' title="bbox 150 3253 593 3318; baseline -0.002 -2"><span class='ocrx_word' id='word_1_192' title='bbox 150 3274 178 3316; x_wconf 88' lang='lat' dir='ltr'><strong>et</strong></span> <span class='ocrx_word' id='word_1_193' title='bbox 194 3253 253 3318; x_wconf 85' lang='lat'><strong>77.</strong></span> <span class='ocrx_word' id='word_1_194' title='bbox 270 3256 408 3317; x_wconf 81' lang='lat' dir='ltr'><strong>Viennae</strong></span> <span class='ocrx_word' id='word_1_195' title='bbox 424 3257 593 3316; x_wconf 88' lang='lat' dir='ltr'><strong>institutae.</strong></span> 
     </span>
    </p>

    <p class='ocr_par' dir='ltr' id='par_1_19' title="bbox 113 3343 839 3769">
     <span class='ocr_line' id='line_1_40' title="bbox 113 3343 838 3409; baseline 0.003 -5"><span class='ocrx_word' id='word_1_196' title='bbox 113 3345 164 3406; x_wconf 88' lang='lat' dir='ltr'><strong>Pro</strong></span> <span class='ocrx_word' id='word_1_197' title='bbox 188 3343 301 3409; x_wconf 87' lang='lat'>1780:</span> <span class='ocrx_word' id='word_1_198' title='bbox 325 3347 456 3407; x_wconf 88' lang='lat' dir='ltr'><strong>Praeter</strong></span> <span class='ocrx_word' id='word_1_199' title='bbox 483 3346 716 3407; x_wconf 86' lang='lat' dir='ltr'><strong>observationes</strong></span> <span class='ocrx_word' id='word_1_200' title='bbox 741 3357 838 3406; x_wconf 89' lang='lat' dir='ltr'><strong>astro·</strong></span> 
     </span>
     <span class='ocr_line' id='line_1_41' title="bbox 151 3437 838 3499; baseline 0.001 -2"><span class='ocrx_word' id='word_1_201' title='bbox 151 3439 286 3497; x_wconf 87' lang='lat' dir='ltr'><strong>uomicas</strong></span> <span class='ocrx_word' id='word_1_202' title='bbox 303 3438 394 3496; x_wconf 90' lang='lat' dir='ltr'><strong>etiam</strong></span> <span class='ocrx_word' id='word_1_203' title='bbox 416 3437 544 3497; x_wconf 87' lang='lat' dir='ltr'><strong>aliorum</strong></span> <span class='ocrx_word' id='word_1_204' title='bbox 565 3438 700 3496; x_wconf 88' lang='lat' dir='ltr'><strong>locorum</strong></span> <span class='ocrx_word' id='word_1_205' title='bbox 725 3447 756 3496; x_wconf 91' lang='lat' dir='ltr'><strong>et</strong></span> <span class='ocrx_word' id='word_1_206' title='bbox 777 3457 838 3499; x_wconf 88' lang='lat' dir='ltr'><strong>me·</strong></span> 
     </span>
     <span class='ocr_line' id='line_1_42' title="bbox 151 3527 839 3608; baseline 0.001 -22"><span class='ocrx_word' id='word_1_207' title='bbox 151 3527 356 3606; x_wconf 82' lang='lat' dir='ltr'><strong>teorologieas</strong></span> <span class='ocrx_word' id='word_1_208' title='bbox 363 3527 567 3588; x_wconf 88' lang='lat' dir='ltr'><strong>Viennenses:</strong></span> <span class='ocrx_word' id='word_1_209' title='bbox 584 3527 758 3608; x_wconf 85' lang='lat' dir='ltr'><strong>Descriptio</strong></span> <span class='ocrx_word' id='word_1_210' title='bbox 766 3529 839 3588; x_wconf 89' lang='lat' dir='ltr'><strong>novi</strong></span> 
     </span>
     <span class='ocr_line' id='line_1_43' title="bbox 151 3617 839 3700; baseline 0.001 -23"><span class='ocrx_word' id='word_1_211' title='bbox 151 3619 333 3678; x_wconf 87' lang='lat' dir='ltr'><strong>rnierometri</strong></span> <span class='ocrx_word' id='word_1_212' title='bbox 343 3617 508 3700; x_wconf 88' lang='lat' dir='ltr'><strong>prismatici</strong></span> <span class='ocrx_word' id='word_1_213' title='bbox 525 3619 589 3678; x_wconf 88' lang='lat' dir='ltr'><strong>aR.</strong></span> <span class='ocrx_word' id='word_1_214' title='bbox 606 3617 645 3677; x_wconf 93' lang='lat' dir='ltr'><strong>D.</strong></span> <span class='ocrx_word' id='word_1_215' title='bbox 659 3617 839 3698; x_wconf 80' lang='lat' dir='ltr'><strong>Masiselyne</strong></span> 
     </span>
     <span class='ocr_line' id='line_1_44' title="bbox 152 3708 422 3769; baseline 0.007 -2"><span class='ocrx_word' id='word_1_216' title='bbox 152 3708 282 3768; x_wconf 90' lang='lat' dir='ltr'><strong>Londini</strong></span> <span class='ocrx_word' id='word_1_217' title='bbox 298 3709 422 3769; x_wconf 87' lang='lat' dir='ltr'><strong>inventi.</strong></span> 
     </span>
    </p>

    <p class='ocr_par' dir='ltr' id='par_1_20' title="bbox 122 3796 838 3951">
     <span class='ocr_line' id='line_1_45' title="bbox 122 3796 838 3860; baseline 0.008 -6"><span class='ocrx_word' id='word_1_218' title='bbox 122 3796 168 3856; x_wconf 86' lang='lat' dir='ltr'><strong>Pro</strong></span> <span class='ocrx_word' id='word_1_219' title='bbox 198 3797 307 3860; x_wconf 87' lang='lat'>1781:</span> <span class='ocrx_word' id='word_1_220' title='bbox 341 3797 580 3860; x_wconf 86' lang='lat' dir='ltr'><strong>Observationes</strong></span> <span class='ocrx_word' id='word_1_221' title='bbox 617 3800 838 3860; x_wconf 88' lang='lat' dir='ltr'><strong>astronomicae</strong></span> 
     </span>
     <span class='ocr_line' id='line_1_46' title="bbox 160 3888 459 3951; baseline -0.007 -1"><span class='ocrx_word' id='word_1_222' title='bbox 160 3890 244 3950; x_wconf 79' lang='grc'><strong>011000</strong></span> <span class='ocrx_word' id='word_1_223' title='bbox 262 3888 335 3948; x_wconf 93' lang='lat' dir='ltr'><strong>alibi</strong></span> <span class='ocrx_word' id='word_1_224' title='bbox 350 3891 459 3951; x_wconf 87' lang='lat' dir='ltr'><strong>factae.</strong></span> 
     </span>
    </p>

    <p class='ocr_par' dir='ltr' id='par_1_21' title="bbox 127 3971 840 4493">
     <span class='ocr_line' id='line_1_47' title="bbox 127 3971 839 4042; baseline 0.004 -5"><span class='ocrx_word' id='word_1_225' title='bbox 127 3971 171 4037; x_wconf 81' lang='lat' dir='ltr'><strong>Pto</strong></span> <span class='ocrx_word' id='word_1_226' title='bbox 200 3975 309 4042; x_wconf 77' lang='lat'>1782:</span> <span class='ocrx_word' id='word_1_227' title='bbox 334 3979 464 4040; x_wconf 84' lang='lat' dir='ltr'><strong>Praeter</strong></span> <span class='ocrx_word' id='word_1_228' title='bbox 500 3988 662 4040; x_wconf 89' lang='lat' dir='ltr'><strong>consueta:</strong></span> <span class='ocrx_word' id='word_1_229' title='bbox 698 3978 839 4040; x_wconf 86' lang='lat' dir='ltr'><strong>Tabulae</strong></span> 
     </span>
     <span class='ocr_line' id='line_1_48' title="bbox 156 4069 839 4148; baseline -0.001 -19"><span class='ocrx_word' id='word_1_230' title='bbox 156 4089 206 4148; x_wconf 91' lang='lat' dir='ltr'><strong>pro</strong></span> <span class='ocrx_word' id='word_1_231' title='bbox 223 4069 431 4131; x_wconf 89' lang='lat' dir='ltr'><strong>lunationibus</strong></span> <span class='ocrx_word' id='word_1_232' title='bbox 450 4071 528 4130; x_wconf 81' lang='lat' dir='ltr'><strong>facili</strong></span> <span class='ocrx_word' id='word_1_233' title='bbox 544 4069 660 4130; x_wconf 89' lang='lat' dir='ltr'><strong>ealeulo</strong></span> <span class='ocrx_word' id='word_1_234' title='bbox 687 4070 839 4144; x_wconf 87' lang='lat' dir='ltr'><strong>eruendis,</strong></span> 
     </span>
     <span class='ocr_line' id='line_1_49' title="bbox 156 4158 839 4242; baseline 0.003 -24"><span class='ocrx_word' id='word_1_235' title='bbox 156 4169 319 4242; x_wconf 82' lang='lat' dir='ltr'><strong>excerptae</strong></span> <span class='ocrx_word' id='word_1_236' title='bbox 345 4181 383 4220; x_wconf 83' lang='lat' dir='ltr'><strong>ex</strong></span> <span class='ocrx_word' id='word_1_237' title='bbox 403 4161 476 4221; x_wconf 82' lang='lat' dir='ltr'><strong>Ant.</strong></span> <span class='ocrx_word' id='word_1_238' title='bbox 499 4160 634 4240; x_wconf 84' lang='lat' dir='ltr'><strong>Pilgram</strong></span> <span class='ocrx_word' id='word_1_239' title='bbox 656 4158 839 4220; x_wconf 87' lang='lat' dir='ltr'><strong>Calendario</strong></span> 
     </span>
     <span class='ocr_line' id='line_1_50' title="bbox 155 4248 839 4330; baseline 0.003 -21"><span class='ocrx_word' id='word_1_240' title='bbox 155 4250 383 4330; x_wconf 83' lang='lat' dir='ltr'><strong>chronologico:</strong></span> <span class='ocrx_word' id='word_1_241' title='bbox 406 4287 447 4296; x_wconf 92' lang='lat'>-</span> <span class='ocrx_word' id='word_1_242' title='bbox 478 4252 584 4312; x_wconf 86' lang='lat' dir='ltr'><strong>Soeius</strong></span> <span class='ocrx_word' id='word_1_243' title='bbox 613 4251 666 4311; x_wconf 83' lang='lat' dir='ltr'><strong>Fr.</strong></span> <span class='ocrx_word' id='word_1_244' title='bbox 698 4248 839 4311; x_wconf 72' lang='grc'><strong>’1010000-</strong></span> 
     </span>
     <span class='ocr_line' id='line_1_51' title="bbox 155 4341 840 4423; baseline 0.003 -25"><span class='ocrx_word' id='word_1_245' title='bbox 155 4342 227 4400; x_wconf 87' lang='lat' dir='ltr'><strong>eker</strong></span> <span class='ocrx_word' id='word_1_246' title='bbox 245 4342 277 4401; x_wconf 84' lang='lat' dir='ltr'><strong>S.</strong></span> <span class='ocrx_word' id='word_1_247' title='bbox 294 4341 326 4402; x_wconf 81' lang='lat' dir='ltr'><strong>J.</strong></span> <span class='ocrx_word' id='word_1_248' title='bbox 344 4343 394 4423; x_wconf 91' lang='lat' dir='ltr'><strong>qni</strong></span> <span class='ocrx_word' id='word_1_249' title='bbox 410 4342 610 4402; x_wconf 85' lang='lat' dir='ltr'><strong>etiarnllellio</strong></span> <span class='ocrx_word' id='word_1_250' title='bbox 627 4351 697 4423; x_wconf 91' lang='lat' dir='ltr'><strong>post</strong></span> <span class='ocrx_word' id='word_1_251' title='bbox 714 4351 840 4401; x_wconf 89' lang='lat' dir='ltr'><strong>mortem</strong></span> 
     </span>
     <span class='ocr_line' id='line_1_52' title="bbox 158 4433 312 4493; baseline 0.032 -5"><span class='ocrx_word' id='word_1_252' title='bbox 158 4433 312 4493; x_wconf 88' lang='lat' dir='ltr'><strong>suecessit.</strong></span> 
     </span>
    </p>

    <p class='ocr_par' dir='ltr' id='par_1_22' title="bbox 116 4517 840 4872">
     <span class='ocr_line' id='line_1_53' title="bbox 116 4517 840 4602; baseline 0.007 -25"><span class='ocrx_word' id='word_1_253' title='bbox 116 4517 170 4578; x_wconf 88' lang='lat' dir='ltr'><strong>Pro</strong></span> <span class='ocrx_word' id='word_1_254' title='bbox 189 4518 291 4586; x_wconf 84' lang='lat'>1783:</span> <span class='ocrx_word' id='word_1_255' title='bbox 315 4523 441 4582; x_wconf 84' lang='lat' dir='ltr'><strong>Antonii</strong></span> <span class='ocrx_word' id='word_1_256' title='bbox 457 4521 602 4602; x_wconf 81' lang='lat' dir='ltr'><strong>Pilgram.</strong></span> <span class='ocrx_word' id='word_1_257' title='bbox 621 4521 759 4582; x_wconf 82' lang='lat' dir='ltr'><strong>Tabulae</strong></span> <span class='ocrx_word' id='word_1_258' title='bbox 785 4543 840 4602; x_wconf 90' lang='lat' dir='ltr'><strong>pro</strong></span> 
     </span>
     <span class='ocr_line' id='line_1_54' title="bbox 156 4613 839 4674; baseline 0.001 -5"><span class='ocrx_word' id='word_1_259' title='bbox 156 4613 329 4673; x_wconf 83' lang='lat' dir='ltr'><strong>reductione</strong></span> <span class='ocrx_word' id='word_1_260' title='bbox 347 4613 530 4674; x_wconf 88' lang='lat' dir='ltr'><strong>ascensionis</strong></span> <span class='ocrx_word' id='word_1_261' title='bbox 548 4623 647 4672; x_wconf 87' lang='lat' dir='ltr'><strong>rectae</strong></span> <span class='ocrx_word' id='word_1_262' title='bbox 665 4623 695 4672; x_wconf 88' lang='lat' dir='ltr'><strong>et</strong></span> <span class='ocrx_word' id='word_1_263' title='bbox 711 4613 839 4672; x_wconf 90' lang='lat' dir='ltr'><strong>deelina-</strong></span> 
     </span>
     <span class='ocr_line' id='line_1_55' title="bbox 158 4701 839 4784; baseline 0.004 -25"><span class='ocrx_word' id='word_1_264' title='bbox 158 4702 245 4763; x_wconf 89' lang='lat' dir='ltr'><strong>tionis</strong></span> <span class='ocrx_word' id='word_1_265' title='bbox 268 4704 461 4784; x_wconf 87' lang='lat' dir='ltr'><strong>planetarum</strong></span> <span class='ocrx_word' id='word_1_266' title='bbox 482 4714 514 4764; x_wconf 89' lang='lat' dir='ltr'><strong>et</strong></span> <span class='ocrx_word' id='word_1_267' title='bbox 539 4701 684 4776; x_wconf 85' lang='lat' dir='ltr'><strong>lixarum,</strong></span> <span class='ocrx_word' id='word_1_268' title='bbox 709 4702 839 4763; x_wconf 87' lang='lat' dir='ltr'><strong>deelina-</strong></span> 
     </span>
     <span class='ocr_line' id='line_1_56' title="bbox 159 4791 803 4872; baseline 0.005 -23"><span class='ocrx_word' id='word_1_269' title='bbox 159 4793 268 4856; x_wconf 87' lang='lat' dir='ltr'><strong>tionem</strong></span> <span class='ocrx_word' id='word_1_270' title='bbox 284 4791 328 4855; x_wconf 85' lang='lat'><strong>34</strong></span> <span class='ocrx_word' id='word_1_271' title='bbox 344 4795 493 4872; x_wconf 86' lang='lat' dir='ltr'><strong>graduum</strong></span> <span class='ocrx_word' id='word_1_272' title='bbox 509 4815 569 4854; x_wconf 89' lang='lat' dir='ltr'><strong>non</strong></span> <span class='ocrx_word' id='word_1_273' title='bbox 586 4794 803 4854; x_wconf 85' lang='lat' dir='ltr'><strong>excedentium.</strong></span> 
     </span>
    </p>

    <p class='ocr_par' dir='ltr' id='par_1_23' title="bbox 116 4877 840 5055">
     <span class='ocr_line' id='line_1_57' title="bbox 116 4877 840 4964; baseline 0.003 -24"><span class='ocrx_word' id='word_1_274' title='bbox 116 4877 175 4940; x_wconf 89' lang='lat' dir='ltr'><strong>Pro</strong></span> <span class='ocrx_word' id='word_1_275' title='bbox 194 4881 293 4946; x_wconf 78' lang='lat'>1784:</span> <span class='ocrx_word' id='word_1_276' title='bbox 319 4886 392 4944; x_wconf 84' lang='lat' dir='ltr'><strong>Ant.</strong></span> <span class='ocrx_word' id='word_1_277' title='bbox 410 4884 556 4964; x_wconf 88' lang='lat' dir='ltr'><strong>Pilgram.</strong></span> <span class='ocrx_word' id='word_1_278' title='bbox 574 4883 652 4944; x_wconf 91' lang='lat' dir='ltr'><strong>Pars</strong></span> <span class='ocrx_word' id='word_1_279' title='bbox 673 4884 699 4943; x_wconf 94' lang='lat'><strong>1.</strong></span> <span class='ocrx_word' id='word_1_280' title='bbox 722 4883 840 4943; x_wconf 91' lang='lat' dir='ltr'><strong>tabula·</strong></span> 
     </span>
     <span class='ocr_line' id='line_1_58' title="bbox 160 4975 840 5055; baseline 0 -22"><span class='ocrx_word' id='word_1_281' title='bbox 160 4993 222 5033; x_wconf 88' lang='lat' dir='ltr'><strong>rum</strong></span> <span class='ocrx_word' id='word_1_282' title='bbox 254 4975 481 5036; x_wconf 83' lang='lat' dir='ltr'><strong>aberrationem</strong></span> <span class='ocrx_word' id='word_1_283' title='bbox 505 4983 536 5034; x_wconf 92' lang='lat' dir='ltr'><strong>et</strong></span> <span class='ocrx_word' id='word_1_284' title='bbox 564 4975 752 5034; x_wconf 88' lang='lat' dir='ltr'><strong>nutationum</strong></span> <span class='ocrx_word' id='word_1_285' title='bbox 784 4995 840 5055; x_wconf 91' lang='lat' dir='ltr'><strong>pro</strong></span> 
     </span>
    </p>
   </div>
   <div class='ocr_carea' id='block_1_11' title="bbox 161 5059 320 5126">
    <p class='ocr_par' dir='ltr' id='par_1_24' title="bbox 161 5059 320 5126">
     <span class='ocr_line' id='line_1_59' title="bbox 161 5059 320 5126; baseline 0.019 -4"><span class='ocrx_word' id='word_1_286' title='bbox 161 5059 225 5126; x_wconf 84' lang='grc'><strong>500</strong></span> <span class='ocrx_word' id='word_1_287' title='bbox 240 5065 320 5125; x_wconf 85' lang='lat' dir='ltr'><strong>fixis.</strong></span> 
     </span>
    </p>
   </div>
   <div class='ocr_carea' id='block_1_12' title="bbox 894 1265 1624 1616">
    <p class='ocr_par' dir='ltr' id='par_1_25' title="bbox 940 1265 1624 1346">
     <span class='ocr_line' id='line_1_60' title="bbox 940 1265 1624 1346; baseline 0.007 -23"><span class='ocrx_word' id='word_1_288' title='bbox 940 1265 1043 1338; x_wconf 82' lang='lat' dir='ltr'><strong>factis,</strong></span> <span class='ocrx_word' id='word_1_289' title='bbox 1067 1266 1238 1346; x_wconf 84' lang='lat' dir='ltr'><strong>intorques</strong></span> <span class='ocrx_word' id='word_1_290' title='bbox 1260 1267 1374 1346; x_wconf 88' lang='lat' dir='ltr'><strong>primae</strong></span> <span class='ocrx_word' id='word_1_291' title='bbox 1396 1266 1624 1328; x_wconf 85' lang='lat' dir='ltr'><strong>observationes</strong></span> 
     </span>
    </p>

    <p class='ocr_par' dir='ltr' id='par_1_26' title="bbox 894 1353 1624 1510">
     <span class='ocr_line' id='line_1_61' title="bbox 941 1353 1550 1418; baseline 0.008 -5"><span class='ocrx_word' id='word_1_292' title='bbox 941 1353 1074 1416; x_wconf 87' lang='lat' dir='ltr'><strong>Uraniae</strong></span> <span class='ocrx_word' id='word_1_293' title='bbox 1090 1357 1226 1417; x_wconf 88' lang='lat' dir='ltr'><strong>Viennae</strong></span> <span class='ocrx_word' id='word_1_294' title='bbox 1241 1356 1363 1418; x_wconf 87' lang='lat' dir='ltr'><strong>habitae</strong></span> <span class='ocrx_word' id='word_1_295' title='bbox 1379 1367 1550 1418; x_wconf 84' lang='lat' dir='ltr'><strong>occurrunt.</strong></span> 
     </span>
     <span class='ocr_line' id='line_1_62' title="bbox 894 1441 1624 1510; baseline 0.014 -10"><span class='ocrx_word' id='word_1_296' title='bbox 894 1441 957 1502; x_wconf 92' lang='lat' dir='ltr'><strong>Pro</strong></span> <span class='ocrx_word' id='word_1_297' title='bbox 980 1442 1077 1507; x_wconf 88' lang='lat'>1787.</span> <span class='ocrx_word' id='word_1_298' title='bbox 1101 1447 1177 1507; x_wconf 88' lang='lat' dir='ltr'><strong>Pars</strong></span> <span class='ocrx_word' id='word_1_299' title='bbox 1201 1448 1226 1507; x_wconf 93' lang='lat'><strong>1.</strong></span> <span class='ocrx_word' id='word_1_300' title='bbox 1248 1445 1487 1510; x_wconf 82' lang='lat' dir='ltr'><strong>Observationes</strong></span> <span class='ocrx_word' id='word_1_301' title='bbox 1513 1459 1624 1510; x_wconf 88' lang='lat' dir='ltr'><strong>meteo-</strong></span> 
     </span>
    </p>

    <p class='ocr_par' dir='ltr' id='par_1_27' title="bbox 939 1535 1624 1616">
     <span class='ocr_line' id='line_1_63' title="bbox 939 1535 1624 1616; baseline 0.006 -22"><span class='ocrx_word' id='word_1_302' title='bbox 939 1535 1091 1614; x_wconf 84' lang='lat' dir='ltr'><strong>rologieae</strong></span> <span class='ocrx_word' id='word_1_303' title='bbox 1119 1538 1307 1598; x_wconf 86' lang='lat' dir='ltr'><strong>Viennenses</strong></span> <span class='ocrx_word' id='word_1_304' title='bbox 1334 1539 1405 1598; x_wconf 92' lang='lat' dir='ltr'><strong>anni</strong></span> <span class='ocrx_word' id='word_1_305' title='bbox 1436 1535 1536 1616; x_wconf 85' lang='lat'>1784;</span> <span class='ocrx_word' id='word_1_306' title='bbox 1562 1538 1624 1600; x_wconf 93' lang='lat' dir='ltr'><strong>Ob·</strong></span> 
     </span>
    </p>
   </div>
   <div class='ocr_carea' id='block_1_13' title="bbox 939 1625 1708 1692">
    <p class='ocr_par' dir='ltr' id='par_1_28' title="bbox 939 1625 1708 1692">
     <span class='ocr_line' id='line_1_64' title="bbox 939 1625 1708 1692; baseline 0.013 -8"><span class='ocrx_word' id='word_1_307' title='bbox 939 1627 1356 1689; x_wconf 88' lang='lat' dir='ltr'><strong>servationesastronomicae</strong></span> <span class='ocrx_word' id='word_1_308' title='bbox 1373 1627 1412 1688; x_wconf 91' lang='lat' dir='ltr'><strong>ab</strong></span> <span class='ocrx_word' id='word_1_309' title='bbox 1427 1649 1506 1688; x_wconf 92' lang='lat' dir='ltr'><strong>anno</strong></span> <span class='ocrx_word' id='word_1_310' title='bbox 1527 1625 1623 1692; x_wconf 83' lang='grc'><strong>1784.</strong></span> <span class='ocrx_word' id='word_1_311' title='bbox 1704 1641 1708 1650; x_wconf 75' lang='grc'><strong>“</strong></span> 
     </span>
    </p>
   </div>
   <div class='ocr_carea' id='block_1_14' title="bbox 891 1713 1655 4601">
    <p class='ocr_par' dir='ltr' id='par_1_29' title="bbox 938 1713 1655 2523">
     <span class='ocr_line' id='line_1_65' title="bbox 940 1713 1621 1800; baseline 0.01 -26"><span class='ocrx_word' id='word_1_312' title='bbox 940 1715 978 1774; x_wconf 87' lang='lat' dir='ltr'><strong>ad</strong></span> <span class='ocrx_word' id='word_1_313' title='bbox 1001 1713 1098 1779; x_wconf 84' lang='grc'><strong>1786.</strong></span> <span class='ocrx_word' id='word_1_314' title='bbox 1123 1719 1261 1778; x_wconf 89' lang='lat' dir='ltr'><strong>Viennae</strong></span> <span class='ocrx_word' id='word_1_315' title='bbox 1278 1720 1405 1800; x_wconf 90' lang='lat' dir='ltr'><strong>aliisque</strong></span> <span class='ocrx_word' id='word_1_316' title='bbox 1421 1721 1452 1780; x_wconf 89' lang='lat' dir='ltr'><strong>in</strong></span> <span class='ocrx_word' id='word_1_317' title='bbox 1468 1719 1542 1780; x_wconf 90' lang='lat' dir='ltr'><strong>loeis</strong></span> <span class='ocrx_word' id='word_1_318' title='bbox 1562 1723 1621 1780; x_wconf 87' lang='lat' dir='ltr'><strong>fae-</strong></span> 
     </span>
     <span class='ocr_line' id='line_1_66' title="bbox 940 1807 1623 1872; baseline 0.01 -7"><span class='ocrx_word' id='word_1_319' title='bbox 940 1815 1000 1866; x_wconf 87' lang='lat' dir='ltr'><strong>tae.</strong></span> <span class='ocrx_word' id='word_1_320' title='bbox 1024 1807 1102 1867; x_wconf 89' lang='lat' dir='ltr'><strong>Pars</strong></span> <span class='ocrx_word' id='word_1_321' title='bbox 1121 1807 1165 1869; x_wconf 87' lang='lat'><strong>11.</strong></span> <span class='ocrx_word' id='word_1_322' title='bbox 1181 1809 1365 1870; x_wconf 86' lang='lat' dir='ltr'><strong>Dissertatio</strong></span> <span class='ocrx_word' id='word_1_323' title='bbox 1389 1809 1427 1870; x_wconf 88' lang='lat' dir='ltr'><strong>de</strong></span> <span class='ocrx_word' id='word_1_324' title='bbox 1449 1831 1529 1870; x_wconf 86' lang='lat' dir='ltr'><strong>novo</strong></span> <span class='ocrx_word' id='word_1_325' title='bbox 1553 1811 1623 1872; x_wconf 92' lang='lat' dir='ltr'><strong>Pla-</strong></span> 
     </span>
     <span class='ocr_line' id='line_1_67' title="bbox 938 1899 1623 1962; baseline 0.009 -7"><span class='ocrx_word' id='word_1_326' title='bbox 938 1907 1011 1956; x_wconf 89' lang='lat' dir='ltr'><strong>neta</strong></span> <span class='ocrx_word' id='word_1_327' title='bbox 1034 1908 1143 1959; x_wconf 89' lang='lat' dir='ltr'><strong>autore</strong></span> <span class='ocrx_word' id='word_1_328' title='bbox 1162 1900 1311 1960; x_wconf 84' lang='lat' dir='ltr'><strong>Lalandio</strong></span> <span class='ocrx_word' id='word_1_329' title='bbox 1341 1899 1436 1961; x_wconf 91' lang='lat' dir='ltr'><strong>latine</strong></span> <span class='ocrx_word' id='word_1_330' title='bbox 1465 1901 1582 1962; x_wconf 83' lang='lat' dir='ltr'><strong>reddita</strong></span> <span class='ocrx_word' id='word_1_331' title='bbox 1604 1923 1623 1961; x_wconf 91' lang='lat' dir='ltr'><strong>a</strong></span> 
     </span>
     <span class='ocr_line' id='line_1_68' title="bbox 938 1987 1621 2052; baseline 0.01 -7"><span class='ocrx_word' id='word_1_332' title='bbox 938 1987 1049 2047; x_wconf 79' lang='lat' dir='ltr'><strong>Frena.</strong></span> <span class='ocrx_word' id='word_1_333' title='bbox 1070 1989 1282 2051; x_wconf 75' lang='lat' dir='ltr'><strong>&#39;l&#39;riesncekea</strong></span> <span class='ocrx_word' id='word_1_334' title='bbox 1298 1989 1352 2050; x_wconf 88' lang='lat' dir='ltr'><strong>Lis</strong></span> <span class='ocrx_word' id='word_1_335' title='bbox 1372 1991 1621 2052; x_wconf 81' lang='lat' dir='ltr'><strong>Astronomorum</strong></span> 
     </span>
     <span class='ocr_line' id='line_1_69' title="bbox 939 2075 1620 2161; baseline 0.006 -25"><span class='ocrx_word' id='word_1_336' title='bbox 939 2075 975 2136; x_wconf 90' lang='lat' dir='ltr'><strong>de</strong></span> <span class='ocrx_word' id='word_1_337' title='bbox 999 2080 1127 2154; x_wconf 90' lang='lat' dir='ltr'><strong>nomine,</strong></span> <span class='ocrx_word' id='word_1_338' title='bbox 1143 2101 1202 2161; x_wconf 91' lang='lat' dir='ltr'><strong>quo</strong></span> <span class='ocrx_word' id='word_1_339' title='bbox 1213 2081 1338 2160; x_wconf 82' lang='lat' dir='ltr'><strong>planeta</strong></span> <span class='ocrx_word' id='word_1_340' title='bbox 1359 2100 1465 2141; x_wconf 88' lang='lat' dir='ltr'><strong>reeens</strong></span> <span class='ocrx_word' id='word_1_341' title='bbox 1484 2081 1620 2144; x_wconf 86' lang='lat' dir='ltr'><strong>detectus</strong></span> 
     </span>
     <span class='ocr_line' id='line_1_70' title="bbox 938 2167 1655 2254; baseline 0.007 -28"><span class='ocrx_word' id='word_1_342' title='bbox 938 2167 976 2226; x_wconf 90' lang='lat' dir='ltr'><strong>sit</strong></span> <span class='ocrx_word' id='word_1_343' title='bbox 992 2169 1202 2250; x_wconf 86' lang='lat' dir='ltr'><strong>appellandus.</strong></span> <span class='ocrx_word' id='word_1_344' title='bbox 1228 2171 1356 2232; x_wconf 82' lang='lat' dir='ltr'><strong>Carmen</strong></span> <span class='ocrx_word' id='word_1_345' title='bbox 1374 2172 1412 2231; x_wconf 91' lang='lat' dir='ltr'><strong>ab</strong></span> <span class='ocrx_word' id='word_1_346' title='bbox 1432 2171 1621 2254; x_wconf 88' lang='lat' dir='ltr'><strong>Uranopbilo</strong></span> <span class='ocrx_word' id='word_1_347' title='bbox 1653 2189 1655 2194; x_wconf 79' lang='grc'>’</span> 
     </span>
     <span class='ocr_line' id='line_1_71' title="bbox 938 2257 1621 2343; baseline 0.013 -29"><span class='ocrx_word' id='word_1_348' title='bbox 938 2257 1103 2320; x_wconf 84' lang='lat' dir='ltr'><strong>Austriaeo</strong></span> <span class='ocrx_word' id='word_1_349' title='bbox 1120 2261 1169 2341; x_wconf 94' lang='lat' dir='ltr'><strong>(P.</strong></span> <span class='ocrx_word' id='word_1_350' title='bbox 1187 2262 1283 2342; x_wconf 79' lang='lat' dir='ltr'><strong>Hell).</strong></span> <span class='ocrx_word' id='word_1_351' title='bbox 1308 2262 1449 2322; x_wconf 82' lang='lat' dir='ltr'><strong>Tabulae</strong></span> <span class='ocrx_word' id='word_1_352' title='bbox 1465 2264 1535 2323; x_wconf 87' lang='lat' dir='ltr'><strong>novi</strong></span> <span class='ocrx_word' id='word_1_353' title='bbox 1556 2265 1621 2343; x_wconf 89' lang='lat' dir='ltr'><strong>pla·</strong></span> 
     </span>
     <span class='ocr_line' id='line_1_72' title="bbox 938 2351 1621 2414; baseline 0.007 -7"><span class='ocrx_word' id='word_1_354' title='bbox 938 2356 1029 2410; x_wconf 89' lang='lat' dir='ltr'><strong>netas</strong></span> <span class='ocrx_word' id='word_1_355' title='bbox 1050 2360 1158 2412; x_wconf 89' lang='lat' dir='ltr'><strong>autore</strong></span> <span class='ocrx_word' id='word_1_356' title='bbox 1174 2351 1621 2414; x_wconf 71' lang='lat' dir='ltr'><strong>P.PlaeidoFi11millner.&#39;1¹a-</strong></span> 
     </span>
     <span class='ocr_line' id='line_1_73' title="bbox 939 2437 1620 2523; baseline 0.009 -25"><span class='ocrx_word' id='word_1_357' title='bbox 939 2437 1028 2500; x_wconf 90' lang='lat' dir='ltr'><strong>bulae</strong></span> <span class='ocrx_word' id='word_1_358' title='bbox 1038 2442 1108 2502; x_wconf 90' lang='lat' dir='ltr'><strong>novi</strong></span> <span class='ocrx_word' id='word_1_359' title='bbox 1125 2441 1264 2523; x_wconf 88' lang='lat' dir='ltr'><strong>planetae</strong></span> <span class='ocrx_word' id='word_1_360' title='bbox 1281 2453 1387 2504; x_wconf 85' lang='lat' dir='ltr'><strong>autore</strong></span> <span class='ocrx_word' id='word_1_361' title='bbox 1403 2443 1510 2504; x_wconf 76' lang='lat' dir='ltr'><strong>Eleeto</strong></span> <span class='ocrx_word' id='word_1_362' title='bbox 1526 2443 1620 2504; x_wconf 88' lang='lat' dir='ltr'><strong>Bode.</strong></span> 
     </span>
    </p>

    <p class='ocr_par' dir='ltr' id='par_1_30' title="bbox 891 2527 1636 3316">
     <span class='ocr_line' id='line_1_74' title="bbox 891 2527 1620 2594; baseline 0.011 -8"><span class='ocrx_word' id='word_1_363' title='bbox 891 2527 953 2588; x_wconf 91' lang='lat' dir='ltr'><strong>Pro</strong></span> <span class='ocrx_word' id='word_1_364' title='bbox 971 2527 1068 2592; x_wconf 87' lang='lat'>1788.</span> <span class='ocrx_word' id='word_1_365' title='bbox 1086 2533 1224 2593; x_wconf 89' lang='lat' dir='ltr'><strong>Historia</strong></span> <span class='ocrx_word' id='word_1_366' title='bbox 1239 2534 1312 2593; x_wconf 89' lang='lat' dir='ltr'><strong>novi</strong></span> <span class='ocrx_word' id='word_1_367' title='bbox 1327 2533 1476 2594; x_wconf 89' lang='lat' dir='ltr'><strong>Planetae</strong></span> <span class='ocrx_word' id='word_1_368' title='bbox 1484 2533 1620 2594; x_wconf 87' lang='lat' dir='ltr'><strong>Uraniae</strong></span> 
     </span>
     <span class='ocr_line' id='line_1_75' title="bbox 937 2623 1620 2702; baseline 0.01 -25"><span class='ocrx_word' id='word_1_369' title='bbox 937 2623 1067 2682; x_wconf 89' lang='lat' dir='ltr'><strong>carmine</strong></span> <span class='ocrx_word' id='word_1_370' title='bbox 1083 2626 1223 2702; x_wconf 83' lang='lat' dir='ltr'><strong>exposita</strong></span> <span class='ocrx_word' id='word_1_371' title='bbox 1243 2633 1349 2684; x_wconf 90' lang='lat' dir='ltr'><strong>autore</strong></span> <span class='ocrx_word' id='word_1_372' title='bbox 1373 2623 1507 2702; x_wconf 86' lang='lat' dir='ltr'><strong>Georgio</strong></span> <span class='ocrx_word' id='word_1_373' title='bbox 1531 2624 1620 2685; x_wconf 81' lang='lat' dir='ltr'><strong>Suer-</strong></span> 
     </span>
     <span class='ocr_line' id='line_1_76' title="bbox 937 2709 1622 2792; baseline 0.006 -23"><span class='ocrx_word' id='word_1_374' title='bbox 937 2709 1056 2792; x_wconf 80' lang='lat' dir='ltr'><strong>dahsly.</strong></span> <span class='ocrx_word' id='word_1_375' title='bbox 1081 2713 1196 2774; x_wconf 88' lang='lat' dir='ltr'><strong>Iterum</strong></span> <span class='ocrx_word' id='word_1_376' title='bbox 1212 2714 1264 2774; x_wconf 85' lang='lat' dir='ltr'><strong>Lis</strong></span> <span class='ocrx_word' id='word_1_377' title='bbox 1285 2715 1541 2775; x_wconf 86' lang='lat' dir='ltr'><strong>Astronomormn</strong></span> <span class='ocrx_word' id='word_1_378' title='bbox 1563 2727 1622 2775; x_wconf 89' lang='lat' dir='ltr'><strong>ete.</strong></span> 
     </span>
     <span class='ocr_line' id='line_1_77' title="bbox 934 2800 1623 2882; baseline 0.009 -24"><span class='ocrx_word' id='word_1_379' title='bbox 934 2800 1623 2882; x_wconf 86' lang='lat' dir='ltr'><strong>ObservationesmeteorologieaeViennensss</strong></span> 
     </span>
     <span class='ocr_line' id='line_1_78' title="bbox 935 2891 1636 2986; baseline 0.007 -36"><span class='ocrx_word' id='word_1_380' title='bbox 935 2911 1083 2954; x_wconf 84' lang='lat' dir='ltr'><strong>annorum</strong></span> <span class='ocrx_word' id='word_1_381' title='bbox 1102 2891 1198 2956; x_wconf 82' lang='lat'>1785.</span> <span class='ocrx_word' id='word_1_382' title='bbox 1216 2905 1247 2955; x_wconf 90' lang='lat' dir='ltr'><strong>et</strong></span> <span class='ocrx_word' id='word_1_383' title='bbox 1266 2891 1363 2962; x_wconf 84' lang='grc'><strong>1786.</strong></span> <span class='ocrx_word' id='word_1_384' title='bbox 1381 2891 1636 2986; x_wconf 51' lang='lat' dir='ltr'><strong>Observationes⁸</strong></span> 
     </span>
     <span class='ocr_line' id='line_1_79' title="bbox 934 2984 1622 3046; baseline 0.007 -6"><span class='ocrx_word' id='word_1_385' title='bbox 934 2985 1156 3045; x_wconf 89' lang='lat' dir='ltr'><strong>astronomicae</strong></span> <span class='ocrx_word' id='word_1_386' title='bbox 1185 2984 1313 3044; x_wconf 86' lang='lat' dir='ltr'><strong>diversis</strong></span> <span class='ocrx_word' id='word_1_387' title='bbox 1334 2985 1364 3044; x_wconf 92' lang='lat' dir='ltr'><strong>in</strong></span> <span class='ocrx_word' id='word_1_388' title='bbox 1395 2985 1468 3045; x_wconf 91' lang='lat' dir='ltr'><strong>loeis</strong></span> <span class='ocrx_word' id='word_1_389' title='bbox 1489 2986 1622 3046; x_wconf 86' lang='lat' dir='ltr'><strong>habitae.</strong></span> 
     </span>
     <span class='ocr_line' id='line_1_80' title="bbox 935 3072 1622 3136; baseline 0.009 -6"><span class='ocrx_word' id='word_1_390' title='bbox 935 3072 1074 3134; x_wconf 85' lang='lat' dir='ltr'><strong>Tabulae</strong></span> <span class='ocrx_word' id='word_1_391' title='bbox 1089 3075 1230 3135; x_wconf 85' lang='lat' dir='ltr'><strong>Mercurii</strong></span> <span class='ocrx_word' id='word_1_392' title='bbox 1245 3075 1427 3135; x_wconf 86' lang='lat' dir='ltr'><strong>novissimae</strong></span> <span class='ocrx_word' id='word_1_393' title='bbox 1437 3075 1622 3136; x_wconf 69' lang='grc'><strong>0111100000-</strong></span> 
     </span>
     <span class='ocr_line' id='line_1_81' title="bbox 939 3165 1623 3246; baseline 0.003 -22"><span class='ocrx_word' id='word_1_394' title='bbox 939 3166 978 3224; x_wconf 84' lang='grc'><strong>110</strong></span> <span class='ocrx_word' id='word_1_395' title='bbox 994 3165 1112 3225; x_wconf 87' lang='lat' dir='ltr'><strong>Tobiae</strong></span> <span class='ocrx_word' id='word_1_396' title='bbox 1128 3166 1246 3246; x_wconf 84' lang='lat' dir='ltr'><strong>Meyeri</strong></span> <span class='ocrx_word' id='word_1_397' title='bbox 1267 3175 1460 3226; x_wconf 85' lang='lat' dir='ltr'><strong>constructae</strong></span> <span class='ocrx_word' id='word_1_398' title='bbox 1473 3187 1492 3226; x_wconf 84' lang='lat' dir='ltr'><strong>a</strong></span> <span class='ocrx_word' id='word_1_399' title='bbox 1513 3167 1623 3226; x_wconf 80' lang='lat' dir='ltr'><strong>Frena.</strong></span> 
     </span>
     <span class='ocr_line' id='line_1_82' title="bbox 939 3255 1151 3316; baseline -0.005 0"><span class='ocrx_word' id='word_1_400' title='bbox 939 3255 1151 3316; x_wconf 84' lang='lat' dir='ltr'><strong>Triesneeker.</strong></span> 
     </span>
    </p>

    <p class='ocr_par' dir='ltr' id='par_1_31' title="bbox 893 3343 1626 4148">
     <span class='ocr_line' id='line_1_83' title="bbox 893 3343 1625 3428; baseline 0.004 -25"><span class='ocrx_word' id='word_1_401' title='bbox 893 3343 955 3406; x_wconf 89' lang='lat' dir='ltr'><strong>Pro</strong></span> <span class='ocrx_word' id='word_1_402' title='bbox 981 3343 1078 3408; x_wconf 81' lang='lat'>1789.</span> <span class='ocrx_word' id='word_1_403' title='bbox 1105 3345 1344 3428; x_wconf 87' lang='lat' dir='ltr'><strong>Observationes</strong></span> <span class='ocrx_word' id='word_1_404' title='bbox 1368 3346 1625 3426; x_wconf 79' lang='lat' dir='ltr'><strong>meteorologieae</strong></span> 
     </span>
     <span class='ocr_line' id='line_1_84' title="bbox 938 3434 1623 3499; baseline 0 -3"><span class='ocrx_word' id='word_1_405' title='bbox 938 3437 1126 3498; x_wconf 82' lang='lat' dir='ltr'><strong>Viennenses</strong></span> <span class='ocrx_word' id='word_1_406' title='bbox 1157 3439 1227 3498; x_wconf 89' lang='lat' dir='ltr'><strong>anni</strong></span> <span class='ocrx_word' id='word_1_407' title='bbox 1251 3434 1348 3499; x_wconf 91' lang='lat'>1787.</span> <span class='ocrx_word' id='word_1_408' title='bbox 1382 3435 1623 3498; x_wconf 84' lang='lat' dir='ltr'><strong>Observationes</strong></span> 
     </span>
     <span class='ocr_line' id='line_1_85' title="bbox 940 3528 1624 3610; baseline 0 -22"><span class='ocrx_word' id='word_1_409' title='bbox 940 3530 1162 3589; x_wconf 86' lang='lat' dir='ltr'><strong>astronomicae</strong></span> <span class='ocrx_word' id='word_1_410' title='bbox 1183 3529 1321 3590; x_wconf 89' lang='lat' dir='ltr'><strong>Viennae</strong></span> <span class='ocrx_word' id='word_1_411' title='bbox 1342 3528 1468 3610; x_wconf 80' lang='lat' dir='ltr'><strong>aliisque</strong></span> <span class='ocrx_word' id='word_1_412' title='bbox 1491 3529 1522 3587; x_wconf 91' lang='lat' dir='ltr'><strong>in</strong></span> <span class='ocrx_word' id='word_1_413' title='bbox 1547 3528 1624 3588; x_wconf 87' lang='lat' dir='ltr'><strong>loeis</strong></span> 
     </span>
     <span class='ocr_line' id='line_1_86' title="bbox 939 3618 1625 3700; baseline -0.001 -21"><span class='ocrx_word' id='word_1_414' title='bbox 939 3620 1072 3680; x_wconf 86' lang='lat' dir='ltr'><strong>habitae.</strong></span> <span class='ocrx_word' id='word_1_415' title='bbox 1089 3619 1197 3680; x_wconf 87' lang='lat' dir='ltr'><strong>Novae</strong></span> <span class='ocrx_word' id='word_1_416' title='bbox 1213 3619 1318 3679; x_wconf 86' lang='lat' dir='ltr'><strong>Martis</strong></span> <span class='ocrx_word' id='word_1_417' title='bbox 1334 3618 1476 3679; x_wconf 86' lang='lat' dir='ltr'><strong>Tabulae</strong></span> <span class='ocrx_word' id='word_1_418' title='bbox 1496 3637 1535 3678; x_wconf 89' lang='lat' dir='ltr'><strong>ex</strong></span> <span class='ocrx_word' id='word_1_419' title='bbox 1556 3641 1625 3700; x_wconf 91' lang='lat' dir='ltr'><strong>pro·</strong></span> 
     </span>
     <span class='ocr_line' id='line_1_87' title="bbox 939 3709 1626 3790; baseline -0.001 -21"><span class='ocrx_word' id='word_1_420' title='bbox 939 3712 1012 3790; x_wconf 90' lang='lat' dir='ltr'><strong>priis</strong></span> <span class='ocrx_word' id='word_1_421' title='bbox 1030 3710 1187 3770; x_wconf 86' lang='lat' dir='ltr'><strong>elementis</strong></span> <span class='ocrx_word' id='word_1_422' title='bbox 1204 3717 1432 3770; x_wconf 86' lang='lat' dir='ltr'><strong>construetaea</strong></span> <span class='ocrx_word' id='word_1_423' title='bbox 1453 3709 1505 3768; x_wconf 81' lang='lat' dir='ltr'><strong>Fr.</strong></span> <span class='ocrx_word' id='word_1_424' title='bbox 1523 3709 1626 3769; x_wconf 87' lang='lat' dir='ltr'><strong>Tries·</strong></span> 
     </span>
     <span class='ocr_line' id='line_1_88' title="bbox 939 3797 1613 3880; baseline -0.001 -21"><span class='ocrx_word' id='word_1_425' title='bbox 939 3801 1060 3860; x_wconf 88' lang='lat' dir='ltr'><strong>neeker.</strong></span> <span class='ocrx_word' id='word_1_426' title='bbox 1078 3799 1189 3878; x_wconf 80' lang='lat' dir='ltr'><strong>Elegia</strong></span> <span class='ocrx_word' id='word_1_427' title='bbox 1204 3797 1380 3880; x_wconf 86' lang='lat' dir='ltr'><strong>epidictiea‚</strong></span> <span class='ocrx_word' id='word_1_428' title='bbox 1397 3819 1452 3877; x_wconf 89' lang='lat' dir='ltr'><strong>per</strong></span> <span class='ocrx_word' id='word_1_429' title='bbox 1469 3799 1613 3878; x_wconf 87' lang='lat' dir='ltr'><strong>quamde</strong></span> 
     </span>
     <span class='ocr_line' id='line_1_89' title="bbox 939 3887 1624 3951; baseline -0.004 0"><span class='ocrx_word' id='word_1_430' title='bbox 939 3899 1138 3951; x_wconf 88' lang='lat' dir='ltr'><strong>monstratur:</strong></span> <span class='ocrx_word' id='word_1_431' title='bbox 1162 3888 1294 3948; x_wconf 89' lang='lat' dir='ltr'><strong>Primum</strong></span> <span class='ocrx_word' id='word_1_432' title='bbox 1310 3887 1459 3946; x_wconf 86' lang='lat' dir='ltr'><strong>hominem</strong></span> <span class='ocrx_word' id='word_1_433' title='bbox 1475 3887 1624 3948; x_wconf 79' lang='lat' dir='ltr'><strong>Adamum</strong></span> 
     </span>
     <span class='ocr_line' id='line_1_90' title="bbox 939 3977 1625 4061; baseline -0.003 -20"><span class='ocrx_word' id='word_1_434' title='bbox 939 3983 1032 4042; x_wconf 86' lang='lat' dir='ltr'><strong>fuisse</strong></span> <span class='ocrx_word' id='word_1_435' title='bbox 1048 3981 1175 4061; x_wconf 90' lang='lat' dir='ltr'><strong>primum</strong></span> <span class='ocrx_word' id='word_1_436' title='bbox 1191 3978 1389 4038; x_wconf 83' lang='lat' dir='ltr'><strong>etmaximum</strong></span> <span class='ocrx_word' id='word_1_437' title='bbox 1399 3977 1625 4039; x_wconf 81' lang='lat' dir='ltr'><strong>Astronomum.</strong></span> 
     </span>
     <span class='ocr_line' id='line_1_91' title="bbox 940 4067 1425 4148; baseline -0.006 -17"><span class='ocrx_word' id='word_1_438' title='bbox 940 4075 1057 4132; x_wconf 81' lang='lat' dir='ltr'><strong>Autore</strong></span> <span class='ocrx_word' id='word_1_439' title='bbox 1075 4069 1208 4148; x_wconf 77' lang='lat' dir='ltr'><strong>Georgia</strong></span> <span class='ocrx_word' id='word_1_440' title='bbox 1226 4067 1425 4148; x_wconf 86' lang='lat' dir='ltr'><strong>Szerdahely.</strong></span> 
     </span>
    </p>

    <p class='ocr_par' dir='ltr' id='par_1_32' title="bbox 895 4160 1626 4601">
     <span class='ocr_line' id='line_1_92' title="bbox 895 4160 1624 4240; baseline -0.004 -18"><span class='ocrx_word' id='word_1_441' title='bbox 895 4163 956 4222; x_wconf 88' lang='lat' dir='ltr'><strong>Pro</strong></span> <span class='ocrx_word' id='word_1_442' title='bbox 980 4160 1077 4224; x_wconf 88' lang='grc'><strong>1790.</strong></span> <span class='ocrx_word' id='word_1_443' title='bbox 1110 4161 1307 4221; x_wconf 87' lang='lat' dir='ltr'><strong>Monumenta</strong></span> <span class='ocrx_word' id='word_1_444' title='bbox 1341 4179 1412 4219; x_wconf 87' lang='lat' dir='ltr'><strong>aere</strong></span> <span class='ocrx_word' id='word_1_445' title='bbox 1442 4160 1624 4240; x_wconf 89' lang='lat' dir='ltr'><strong>perenniora</strong></span> 
     </span>
     <span class='ocr_line' id='line_1_93' title="bbox 940 4249 1624 4332; baseline -0.003 -20"><span class='ocrx_word' id='word_1_446' title='bbox 940 4254 1020 4312; x_wconf 90' lang='lat' dir='ltr'><strong>inter</strong></span> <span class='ocrx_word' id='word_1_447' title='bbox 1035 4261 1121 4312; x_wconf 88' lang='lat' dir='ltr'><strong>astra</strong></span> <span class='ocrx_word' id='word_1_448' title='bbox 1136 4249 1291 4332; x_wconf 80' lang='lat' dir='ltr'><strong>ponenda3</strong></span> <span class='ocrx_word' id='word_1_449' title='bbox 1316 4249 1445 4330; x_wconf 90' lang='lat' dir='ltr'><strong>primum</strong></span> <span class='ocrx_word' id='word_1_450' title='bbox 1461 4249 1624 4310; x_wconf 85' lang='lat' dir='ltr'><strong>Serenissi·</strong></span> 
     </span>
     <span class='ocr_line' id='line_1_94' title="bbox 940 4339 1626 4421; baseline -0.003 -19"><span class='ocrx_word' id='word_1_451' title='bbox 940 4362 988 4402; x_wconf 88' lang='lat' dir='ltr'><strong>mo</strong></span> <span class='ocrx_word' id='word_1_452' title='bbox 1004 4343 1083 4420; x_wconf 86' lang='lat' dir='ltr'><strong>Regi</strong></span> <span class='ocrx_word' id='word_1_453' title='bbox 1098 4343 1229 4421; x_wconf 82' lang='lat' dir='ltr'><strong>Angliae</strong></span> <span class='ocrx_word' id='word_1_454' title='bbox 1247 4339 1381 4419; x_wconf 77' lang='lat' dir='ltr'><strong>Georgio</strong></span> <span class='ocrx_word' id='word_1_455' title='bbox 1398 4339 1477 4416; x_wconf 91' lang='lat' dir='ltr'>III.;</span> <span class='ocrx_word' id='word_1_456' title='bbox 1495 4342 1626 4401; x_wconf 86' lang='lat' dir='ltr'><strong>alterum</strong></span> 
     </span>
     <span class='ocr_line' id='line_1_95' title="bbox 942 4431 1623 4492; baseline -0.003 0"><span class='ocrx_word' id='word_1_457' title='bbox 942 4434 1007 4492; x_wconf 89' lang='lat' dir='ltr'><strong>viro</strong></span> <span class='ocrx_word' id='word_1_458' title='bbox 1040 4433 1236 4492; x_wconf 86' lang='lat' dir='ltr'><strong>celeberrimo</strong></span> <span class='ocrx_word' id='word_1_459' title='bbox 1268 4431 1424 4492; x_wconf 82' lang='lat' dir='ltr'><strong>Friderieo</strong></span> <span class='ocrx_word' id='word_1_460' title='bbox 1462 4432 1623 4492; x_wconf 89' lang='lat' dir='ltr'><strong>Wilhelmo</strong></span> 
     </span>
     <span class='ocr_line' id='line_1_96' title="bbox 941 4522 1624 4601; baseline -0.006 -17"><span class='ocrx_word' id='word_1_461' title='bbox 941 4523 1089 4584; x_wconf 87' lang='lat' dir='ltr'><strong>Hersehel</strong></span> <span class='ocrx_word' id='word_1_462' title='bbox 1122 4543 1140 4582; x_wconf 96' lang='grc'><strong>0</strong></span> <span class='ocrx_word' id='word_1_463' title='bbox 1170 4523 1377 4583; x_wconf 84' lang='lat' dir='ltr'><strong>Maximiliano</strong></span> <span class='ocrx_word' id='word_1_464' title='bbox 1409 4522 1481 4581; x_wconf 90' lang='lat' dir='ltr'><strong>Hell</strong></span> <span class='ocrx_word' id='word_1_465' title='bbox 1513 4543 1624 4601; x_wconf 88' lang='lat' dir='ltr'><strong>propo-</strong></span> 
     </span>
    </p>
   </div>
   <div class='ocr_carea' id='block_1_15' title="bbox 941 4611 1729 4678">
    <p class='ocr_par' dir='ltr' id='par_1_33' title="bbox 941 4611 1729 4678">
     <span class='ocr_line' id='line_1_97' title="bbox 941 4611 1729 4678; baseline -0.005 -4"><span class='ocrx_word' id='word_1_466' title='bbox 941 4615 1000 4674; x_wconf 88' lang='lat' dir='ltr'><strong>sita</strong></span> <span class='ocrx_word' id='word_1_467' title='bbox 1023 4611 1337 4678; x_wconf 76' lang='grc'><strong>0101001100101789.</strong></span> <span class='ocrx_word' id='word_1_468' title='bbox 1365 4647 1407 4658; x_wconf 94' lang='grc'><strong>-</strong></span> <span class='ocrx_word' id='word_1_469' title='bbox 1432 4611 1541 4671; x_wconf 87' lang='lat' dir='ltr'><strong>Novas</strong></span> <span class='ocrx_word' id='word_1_470' title='bbox 1565 4611 1624 4671; x_wconf 92' lang='lat' dir='ltr'><strong>Ve-</strong></span> <span class='ocrx_word' id='word_1_471' title='bbox 1726 4653 1729 4661; x_wconf 82' lang='lat'>-</span> 
     </span>
    </p>
   </div>
   <div class='ocr_carea' id='block_1_16' title="bbox 940 4700 1625 5050">
    <p class='ocr_par' dir='ltr' id='par_1_34' title="bbox 940 4700 1625 5050">
     <span class='ocr_line' id='line_1_98' title="bbox 940 4700 1624 4764; baseline -0.006 0"><span class='ocrx_word' id='word_1_472' title='bbox 940 4707 1020 4764; x_wconf 89' lang='lat' dir='ltr'><strong>neris</strong></span> <span class='ocrx_word' id='word_1_473' title='bbox 1038 4703 1178 4764; x_wconf 81' lang='lat' dir='ltr'><strong>Tabulae</strong></span> <span class='ocrx_word' id='word_1_474' title='bbox 1196 4714 1390 4764; x_wconf 85' lang='lat' dir='ltr'><strong>constructae</strong></span> <span class='ocrx_word' id='word_1_475' title='bbox 1407 4723 1426 4761; x_wconf 91' lang='lat' dir='ltr'><strong>a</strong></span> <span class='ocrx_word' id='word_1_476' title='bbox 1448 4701 1499 4760; x_wconf 72' lang='lat' dir='ltr'><strong>l‘r.</strong></span> <span class='ocrx_word' id='word_1_477' title='bbox 1523 4700 1624 4760; x_wconf 77' lang='lat' dir='ltr'><strong>&#39;Fries-</strong></span> 
     </span>
     <span class='ocr_line' id='line_1_99' title="bbox 940 4791 1624 4856; baseline -0.007 0"><span class='ocrx_word' id='word_1_478' title='bbox 940 4796 1061 4856; x_wconf 86' lang='lat' dir='ltr'><strong>necker.</strong></span> <span class='ocrx_word' id='word_1_479' title='bbox 1081 4829 1120 4840; x_wconf 87' lang='lat'><em>-</em></span> <span class='ocrx_word' id='word_1_480' title='bbox 1143 4794 1382 4854; x_wconf 83' lang='lat' dir='ltr'><strong>Observationes</strong></span> <span class='ocrx_word' id='word_1_481' title='bbox 1405 4791 1624 4852; x_wconf 87' lang='lat' dir='ltr'><strong>astronomicae</strong></span> 
     </span>
     <span class='ocr_line' id='line_1_100' title="bbox 940 4879 1624 4965; baseline -0.007 -19"><span class='ocrx_word' id='word_1_482' title='bbox 940 4887 1088 4959; x_wconf 88' lang='lat' dir='ltr'><strong>Viennae,</strong></span> <span class='ocrx_word' id='word_1_483' title='bbox 1113 4885 1239 4965; x_wconf 87' lang='lat' dir='ltr'><strong>aliisque</strong></span> <span class='ocrx_word' id='word_1_484' title='bbox 1259 4885 1289 4942; x_wconf 91' lang='lat' dir='ltr'><strong>in</strong></span> <span class='ocrx_word' id='word_1_485' title='bbox 1310 4882 1383 4942; x_wconf 87' lang='lat' dir='ltr'><strong>loeis</strong></span> <span class='ocrx_word' id='word_1_486' title='bbox 1404 4881 1539 4942; x_wconf 88' lang='lat' dir='ltr'><strong>habitas.</strong></span> <span class='ocrx_word' id='word_1_487' title='bbox 1563 4879 1624 4942; x_wconf 90' lang='lat' dir='ltr'><strong>Ob-</strong></span> 
     </span>
     <span class='ocr_line' id='line_1_101' title="bbox 942 4971 1625 5050; baseline -0.004 -15"><span class='ocrx_word' id='word_1_488' title='bbox 942 4978 1132 5037; x_wconf 86' lang='lat' dir='ltr'><strong>servationes</strong></span> <span class='ocrx_word' id='word_1_489' title='bbox 1156 4973 1411 5050; x_wconf 80' lang='lat' dir='ltr'><strong>meteorologicae</strong></span> <span class='ocrx_word' id='word_1_490' title='bbox 1437 4971 1625 5034; x_wconf 85' lang='lat' dir='ltr'><strong>Viennenses</strong></span> 
     </span>
    </p>
   </div>
   <div class='ocr_carea' id='block_1_17' title="bbox 943 5061 1126 5127">
    <p class='ocr_par' dir='ltr' id='par_1_35' title="bbox 943 5061 1126 5127">
     <span class='ocr_line' id='line_1_102' title="bbox 943 5061 1126 5127; baseline 0 -1"><span class='ocrx_word' id='word_1_491' title='bbox 943 5069 1012 5127; x_wconf 89' lang='lat' dir='ltr'><strong>anni</strong></span> <span class='ocrx_word' id='word_1_492' title='bbox 1031 5061 1126 5126; x_wconf 90' lang='grc'><strong>1788.</strong></span> 
     </span>
    </p>
   </div>
   <div class='ocr_carea' id='block_1_18' title="bbox 117 5147 1627 5234">
    <p class='ocr_par' dir='ltr' id='par_1_36' title="bbox 117 5147 1627 5234">
     <span class='ocr_line' id='line_1_103' title="bbox 117 5147 1627 5234; baseline 0.001 -22"><span class='ocrx_word' id='word_1_493' title='bbox 117 5147 178 5212; x_wconf 87' lang='lat' dir='ltr'><strong>Pro</strong></span> <span class='ocrx_word' id='word_1_494' title='bbox 194 5153 290 5218; x_wconf 75' lang='lat'>1785.</span> <span class='ocrx_word' id='word_1_495' title='bbox 307 5155 386 5218; x_wconf 87' lang='lat' dir='ltr'><strong>Pars</strong></span> <span class='ocrx_word' id='word_1_496' title='bbox 404 5156 447 5216; x_wconf 93' lang='lat'><strong>11.</strong></span> <span class='ocrx_word' id='word_1_497' title='bbox 472 5155 647 5218; x_wconf 82' lang='lat' dir='ltr'><strong>tabularum</strong></span> <span class='ocrx_word' id='word_1_498' title='bbox 666 5155 842 5234; x_wconf 87' lang='lat' dir='ltr'><strong>specialium</strong></span> <span class='ocrx_word' id='word_1_499' title='bbox 897 5157 958 5217; x_wconf 90' lang='lat' dir='ltr'><strong>Pro</strong></span> <span class='ocrx_word' id='word_1_500' title='bbox 1001 5153 1096 5218; x_wconf 86' lang='grc'><strong>1791.</strong></span> <span class='ocrx_word' id='word_1_501' title='bbox 1129 5153 1367 5215; x_wconf 86' lang='lat' dir='ltr'><strong>Observationes</strong></span> <span class='ocrx_word' id='word_1_502' title='bbox 1405 5155 1627 5214; x_wconf 84' lang='lat' dir='ltr'><strong>astronomicae</strong></span> 
     </span>
    </p>
   </div>
   <div class='ocr_carea' id='block_1_19' title="bbox 1352 5242 1409 5304">
    <p class='ocr_par' dir='ltr' id='par_1_37' title="bbox 1352 5242 1409 5304">
     <span class='ocr_line' id='line_1_104' title="bbox 1352 5242 1409 5304; baseline 0 -19"><span class='ocrx_word' id='word_1_503' title='bbox 1352 5242 1409 5304; x_wconf 74' lang='grc'><strong>9*</strong></span> 
     </span>
    </p>
   </div>
   <div class='ocr_carea' id='block_1_20' title="bbox 0 0 2001 5950">
    <p class='ocr_par' dir='ltr' id='par_1_38' title="bbox 0 0 2001 5950">
     <span class='ocr_line' id='line_1_105' title="bbox 0 0 2001 5950; baseline 0 0"><span class='ocrx_word' id='word_1_504' title='bbox 0 0 2001 5950; x_wconf 95' lang='lat' dir='ltr'><strong> </strong></span> 
     </span>
    </p>
   </div>
  </div>
 </body>
</html>
