3990 5950
1019 349 1263 415 —Jliss-

429 514 524 594 primo
547 509 761 574 Oathedralem
787 507 955 572 Ecclesiam
975 512 1114 594 ingrede-
1213 513 1390 575 Professore
1421 514 1487 595 Ign.
1522 512 1693 596 Gyurcsalr.
1721 516 1878 598 hmanas
1972 515 1973 518 ’

430 612 523 678 retur,
555 603 738 664 Rhetoricae
763 601 971 664 Neosoliensis
995 606 1115 666 nomine
1219 601 1315 668 1776.
1332 601 1363 666 4.

430 691 539 754 obtulit
569 695 678 756 Fraus.
711 695 793 755 Xav.
830 691 969 756 Puobner
999 680 1115 756 Rhetor
1678 725 1738 776 (sm,
1752 727 1859 782 smum)

427 1423 548 1488 mli
563 1420 735 1496 lauturus,
752 1421 937 1498 Germanus,
954 1421 1066 1504 Styrae
1082 1425 1114 1484 in
1167 1422 1255 1483 annis
1269 1423 1364 1497 rexit,
1394 1431 1426 1482 et
1446 1441 1613 1504 pauperum
1629 1441 1666 1482 ac
1686 1420 1886 1482 miserabilium

384 1514 511 1574 Austris
530 1511 581 1574 17.
597 1509 672 1574 Julii
691 1509 787 1575 1680.
803 1524 904 1588 natus,
920 1521 951 1574 et
975 1525 1037 1576 aet.
1058 1511 1112 1576 21.
1167 1533 1363 1593 personarum
1380 1511 1548 1594 Operarius
1568 1532 1641 1572 vere
1660 1522 1818 1593 paternus,
1839 1513 1887 1572 ibi-

383 1601 598 1683 Philosophiae
613 1603 720 1664 laurea
742 1605 877 1684 insignis,
898 1603 1040 1666 Societati
1062 1605 1113 1665 ad-
1167 1601 1555 1684 6101ρ100611127.Νον.
1575 1601 1672 1665 1678.
1690 1613 1750 1664 aet.
1767 1601 1818 1665 69.

383 1695 522 1775 scriptus,
539 1695 687 1755 absolutis
712 1693 818 1756 studiis
839 1695 878 1756 ob
900 1693 1051 1775 singulare
1071 1695 1101 1756 di
1235 1693 1338 1753 Edidit
1360 1693 1469 1756 latino:

382 1785 470 1845 cendi
485 1785 595 1844 donum
611 1805 682 1844 mox
698 1785 729 1845 S.
747 1783 1114 1860 Cathedraeadmotus,4
1167 1784 1341 1846 Fasciculus
1376 1785 1551 1845 Palmarum
1582 1803 1637 1844 seu
1671 1783 1784 1864 Elegia
1817 1782 1888 1842 Neo

382 1885 455 1936 vota
469 1876 635 1956 professus,
659 1873 680 1938 9
702 1877 786 1936 annis
808 1875 960 1951 Viennae,
983 1875 1114 1951 Graeoii,
1212 1874 1383 1955 Martyrum
1393 1873 1662 1936 Cocincinensium.
1676 1867 1890 1935 0100611668.

381 1963 486 2039 Lincii,
503 1975 567 2026 tum
583 1967 669 2026 aunis
687 1964 729 2028 16
740 1967 877 2028 Viennae
892 1967 923 2028 in
937 1967 1018 2027 Aula
1035 1963 1112 2027 an-
1215 1961 1267 2026 12.

381 2077 471 2116 sarea
487 2076 590 2116 coram
609 2055 752 2136 Augusta
772 2057 971 2136 Imperatrice
992 2057 1114 2118 Amalia
1168 2054 1316 2136 Vulgavit
1346 2055 1568 2116 Dictionaiium
1599 2051 1891 2115 Crastino-latinum

380 2157 428 2207 est
452 2147 657 2206 concionatus.
680 2145 760 2206 Turn
782 2147 920 2208 Minister
942 2145 981 2207 ad
1001 2147 1033 2208 S.
1049 2145 1111 2207 An·
1212 2145 1453 2227 (primumquod
1475 2146 1583 2226 extat.)
1606 2145 1731 2208 Graecii
1754 2141 1847 2207 1670.
1866 2139 1893 2204 8.

379 2243 437 2298 riae
454 2245 486 2296 et
508 2236 613 2310 Lincii,
643 2237 758 2298 Rector
779 2235 902 2318 Styrae,
933 2235 1111 2298 Praefectus
1211 2245 1242 2296 et
1257 2235 1376 2296 libellos
1392 2235 1508 2318 aliquot
1523 2237 1589 2318 pios
1605 2236 1714 2315 lingua
1728 2235 1840 2317 patria,
1854 2234 1892 2292 in·

379 2329 504 2408 spiritus
530 2329 560 2386 in
585 2326 725 2406 Collegio
752 2327 941 2389 Theresiano
973 2329 1110 2408 primum,
1211 2335 1259 2386 ter
1273 2345 1363 2407 quos:
1387 2326 1437 2388 Do
1453 2335 1578 2408 peccato
1593 2327 1684 2406 primi
1698 2325 1832 2406 parentis
1847 2343 1894 2382 seu

379 2415 415 2477 ac
446 2417 563 2478 demum
592 2419 621 2478 in
654 2416 835 2479 Academico
865 2417 1030 2480 Viennensi
1060 2419 1110 2500 pie
1209 2415 1246 2476 de
1263 2427 1408 2496 corrupta
1423 2427 1534 2478 natura
1548 2417 1682 2477 humana
1699 2415 1788 2498 (opus
1805 2415 1891 2474 Oroa-

378 2507 453 2568 obiit
469 2503 522 2570 29.
539 2507 619 2587 Aug.
639 2505 735 2569 1761.
751 2516 813 2569 aet.
831 2505 884 2571 81.
1208 2507 1248 2566 tis
1264 2507 1465 2585 gratissimum
1481 2517 1511 2568 et
1526 2507 1770 2586 usitatissimum)
1784 2503 1896 2567 Graecii

443 2598 547 2658 Edidit
569 2599 754 2676 germanice:
1210 2593 1296 2658 1674
1318 2605 1349 2657 et
1371 2597 1407 2658 de
1416 2597 1571 2671 laudibus,
1586 2597 1705 2658 bonore
1722 2605 1753 2658 et
1767 2597 1846 2656 cultu
1861 2595 1893 2653 B.

375 2687 585 2770 Cogitationes
624 2686 807 2749 doctrinales
846 2687 1039 2750 Christianae
1077 2690 1109 2750 in
1207 2686 1248 2747 V.
1283 2687 1411 2748 Mariae.
1439 2725 1481 2734 -
1511 2689 1662 2750 'ibernam
1700 2687 1896 2768 Kernpcneam

419 2777 591 2858 Evangelia
606 2775 806 2840 Dominicalia
827 2788 859 2840 et
880 2779 1033 2839 festivalis
1062 2787 1108 2840 10-
1206 2797 1282 2837 vero
1298 2777 1335 2838 de
1351 2777 1524 2840 Imitatione
1552 2777 1667 2839 Christi
1685 2779 1818 2839 croatiae
1836 2794 1896 2835 ver·

420 2871 480 2930 tius
512 2870 581 2930 anui
620 2870 650 2928 iu
681 2869 882 2930 concionibus
919 2872 1108 2952 propositae,
1208 2887 1272 2926 aum
1296 2869 1328 2927 in
1342 2869 1417 2929 bisc.
1441 2869 1571 2950 reliquit.

420 2970 545 3040 praeter
576 2960 722 3042 quasdam
757 2958 1043 3040 Quadragesimales
1076 2971 1109 3022 et

383 3057 388 3068 ”
421 3050 637 3112 occasionales.
659 3051 749 3112 Tomi
765 3051 807 3110 11.
830 3052 966 3112 Viennae
979 3050 1109 3112 Prasser

385 3139 388 3145 ’
422 3138 519 3218 1741,
559 3149 591 3200 et
628 3141 787 3220 Augustae
825 3141 946 3202 Vindel.
984 3141 1109 3222 Rieger.
1208 3139 1323 3202 nox
1343 3139 1504 3213 Jaconcs,
1532 3136 1727 3212 Germanus,
1748 3137 1898 3198 Juliacen·

424 3227 521 3293 1764.
545 3231 596 3291 lol.
1164 3229 1215 3304 sis,
1230 3239 1321 3289 natus
1340 3227 1437 3292 1379.
1454 3239 1514 3289 aet.
1533 3225 1585 3290 19.
1602 3227 1756 3290 Societati
1773 3228 1899 3306 adserip-

701 3352 773 3406 (ffl,
787 3358 807 3392 „
821 3354 899 3404 m,
912 3354 974 3392 am,
988 3353 1069 3407 m)
1139 3348 1143 3356 ·
1163 3326 1213 3379 tus
1228 3320 1259 3378 in
1275 3319 1437 3380 Provincia
1451 3321 1610 3392 Austriae,
1641 3329 1676 3379 et
1699 3319 1724 3381 4
1739 3330 1818 3380 vota
1833 3317 1898 3376 010-

1163 3411 1252 3468 mucii
1267 3411 1437 3490 professus,
1459 3411 1669 3470 Ecclesiasten
1685 3409 1827 3490 plurimis
1851 3427 1897 3468 aa·

420 3499 533 3562 Em
550 3501 716 3574 Uarenus,
742 3498 925 3574 Germanus,
949 3501 1064 3561 Labaci
1079 3503 1110 3562 in
1164 3501 1209 3559 nis
1226 3519 1292 3559 cum
1307 3501 1405 3559 fructu
1421 3501 1493 3579 egit,
1510 3511 1542 3560 et
1557 3501 1703 3578 religiose
1721 3501 1802 3562 obiit
1818 3500 1899 3560 Com·

378 3589 534 3652 Carniolia
553 3589 604 3652 13.
622 3591 696 3652 Dec.
716 3585 812 3652 1657.
829 3601 930 3664 natus,
941 3603 971 3652 et
983 3603 1043 3652 aet.
1058 3589 1110 3656 16.
1166 3591 1292 3650 motovii
1309 3588 1360 3652 12.
1377 3589 1446 3650 001.
1465 3588 1561 3652 1634.
1579 3599 1638 3650 aet.
1656 3585 1714 3653 25.

378 3681 526 3742 societati
543 3681 722 3762 adscriptus,
739 3678 761 3742 4
778 3691 851 3741 vota
861 3683 1111 3764 professus,Tyr-
1234 3679 1339 3742 Edidit
1352 3683 1536 3760 germanice:

379 3774 489 3834 navias
512 3771 638 3853 aliisque
660 3773 837 3852 Hungariae
859 3773 933 3833 locis
955 3773 994 3834 ad
1017 3794 1112 3854 popu·
1166 3770 1309 3832 Defensio
1327 3771 1488 3832 concionis
1498 3772 1613 3854 primae
1623 3770 1660 3831 P.
1674 3771 1806 3850 Georgii
1818 3770 1902 3830 Sche-

377 3865 438 3922 lum
455 3863 545 3937 dixit,
557 3863 700 3924 ‘Goritiac
716 3863 865 3922 Moralem
882 3863 1022 3939 tradidit,
1043 3864 1113 3923 Col·
1212 3881 1262 3921 rer
1278 3861 1309 3923 S.
1326 3861 1359 3922 J.
1375 3883 1431 3945 pro
1448 3882 1509 3922 una
1525 3871 1556 3922 et
1567 3871 1699 3942 utraque
1717 3864 1824 3944 specie
1839 3861 1903 3921 adv.

378 3951 488 4032 legium
503 3953 729 4014 Varasdinonse
746 3951 791 4014 bis
807 3954 897 4027 rexit,
929 3963 960 4014 et
981 3953 1110 4034 Clagen·
1212 3951 1306 4013 Marc.
1328 3953 1400 4012 Ant.
1429 3953 1562 4031 Hegium
1588 3951 1805 4014 Oulvinistam.
1839 3950 1904 4011 010-

377 4045 449 4102 t'urti
464 4045 513 4124 pie
530 4045 604 4105 obiit
619 4044 666 4104 vir
682 4045 849 4104 animarum
864 4045 967 4104 sitiens
983 4041 1014 4105 5.
1029 4045 1110 4124 Aug.
1210 4045 1299 4102 mucii
1314 4043 1461 4104 Seromnii
1479 4040 1575 4104 1613.
1592 4039 1624 4104 4.

381 4131 626 4197 1720110163.
1165 4132 1306 4193 Prolusio
1324 4154 1377 4193 seu
1392 4134 1499 4194 Brevis
1514 4133 1702 4208 informatio,
1727 4152 1768 4194 an
1793 4131 1905 4192 Paulus

379 4223 482 4282 Edidit
497 4225 732 4299 lucubrationes,
749 4225 856 4306 quibus
877 4224 998 4286 (ilerum
1014 4225 1110 4287 indu·
1211 4223 1368 4284 'I'ossanus
1404 4223 1591 4304 Theologiae
1627 4223 1906 4304 Heidelbergensis

424 4315 515 4373 nonia
527 4313 701 4384 Carintbiae
715 4316 797 4376 valle
813 4316 852 4377 ad
860 4317 1048 4396 primaevum
1069 4317 1111 4376 ni·
1211 4313 1336 4390 Doctor,
1352 4315 1382 4374 in
1398 4313 1545 4376 diluendis
1558 4313 1735 4390 mendaciis,
1749 4333 1831 4398 quae
1842 4313 1905 4373 rue.

424 4418 523 4464 torem
539 4405 749 4488 fervoremque
766 4405 896 4468 reduxit.
1210 4405 1314 4483 Hegio
1330 4403 1467 4465 Jacobus
1483 4403 1573 4465 Haclr
1588 4404 1621 4465 S.
1632 4403 1664 4464 J.
1684 4405 1816 4484 objecit,
1830 4405 1906 4482 ejus·

716 4528 788 4580 (ρ...
801 4533 822 4566 a
836 4528 914 4578 sag..
928 4529 989 4565 sm,
1004 4529 1085 4580 m)
1166 4515 1169 4524 ¹
1211 4493 1280 4554 dem
1294 4493 1437 4555 bonorem
1453 4497 1633 4555 srrfficienter
1648 4494 1837 4570 defenderit,
1854 4513 1907 4553 uec

1204 4605 1259 4645 ue.
1276 4584 1477 4647 Olomuciiid.
1494 4583 1592 4648 1614.
1653 4579 1656 4582 ’

421 4670 666 4738 flunmen
682 4673 1023 4748 Gnoaerus,Croataiu
1038 4673 1111 4734 Val-
1167 4673 1273 4736 Solida
1301 4677 1470 4756 Responsio
1502 4675 1540 4736 ad
1570 4674 1591 4737 l
1623 4677 1832 4756 quaestiones
1853 4675 1908 4734 boe

380 4759 652 4826 100010101609.
673 4775 761 4824 natus
778 4774 809 4826 et
826 4775 885 4824 aet.
903 4761 955 4826 21.
978 4765 1111 4825 Societa-
1210 4775 1346 4847 tempore
1362 4768 1440 4826 scitu
1460 4767 1660 4840 necessarias,
1696 4777 1811 4828 conti-a
1831 4767 1909 4826 Pau·

380 4855 406 4912 ti
422 4855 602 4936 adscriptus,
618 4855 640 4917 4
655 4865 729 4915 vota
749 4855 902 4934 professus
924 4864 955 4914 et
975 4855 1111 4915 Philoeo-
1210 4857 1271 4916 lum
1280 4857 1449 4918 Tessanum
1459 4857 1545 4918 Oalv.
1558 4856 1587 4919 l.
1598 4857 1908 4918 AnEeelcslaeDoc-

379 4943 467 5024 pbiae
487 4947 615 5018 Doctor,
645 4945 769 5006 altiores
795 4945 965 5026 disciplinas
998 4945 1112 5027 aliquot
1210 4954 1292 5006 tores
1314 4945 1512 5028 primorum4
1533 4947 1734 5008 Saeculerum
1758 4969 1800 5010 ex
1822 4955 1911 5030 parte

379 5034 465 5094 annis
490 5037 626 5111 tradidit,
648 5035 818 5115 Collegium
839 5036 1062 5098 Varasdinense
1079 5047 1111 5098 et
1211 5035 1444 5098 Calvinistarum
1479 5049 1586 5098 contra
1621 5034 1808 5100 Catholicos
1841 5039 1909 5108 sint,
1937 5053 1941 5066 ·

374 5123 427 5185 bis
457 5121 673 5206 Zagrabiense,
706 5125 903 5187 Seminarium
935 5135 1037 5188 autem
1066 5125 1111 5191 20
1211 5147 1323 5188 necne.
1340 5125 1371 5190 2.
1390 5129 1440 5188 An
1455 5147 1513 5208 per
1535 5127 1669 5209 prima4
1691 5129 1836 5191 Saecula
1852 5127 1909 5188 Oa·

1390 3008 1462 3062 (outo
1477 3013 1496 3048 ot
1510 3007 1667 3066 Soriptffl’m.
1681 3009 1751 3048 Anu.
1765 3005 1873 3058 rossum.)
