3948 5946
1025 325 1268 394 ..180-

440 489 1120 574 mlsnmsmsmus,11ungamc,
1220 494 1381 556 Valentino
1399 493 1476 556 Keri
1503 493 1660 570 tributum,
1681 493 1825 558 laudatum
1843 507 1879 558 ta·

464 583 550 660 cujus
565 580 674 645 latine:
1221 605 1288 646 men
1304 605 1503 666 summopere.

396 671 565 752 Panegyris
596 672 747 746 luctuosa,
777 692 838 754 qua
871 673 1012 736 funebres
1042 676 1122 736 Exe-
1177 673 1277 735 Series
1301 675 1445 737 Judicuru
1467 676 1577 738 Curiae
1600 677 1723 756 Regiae.
1746 677 1829 752 Quod
1845 689 1881 738 ta·

440 763 526 842 quiae
548 761 629 822 Cels.
656 763 821 842 Transylv.
843 764 991 845 Principis
1010 767 1122 828 Prauc.
1222 787 1291 826 meu
1308 786 1384 846 opus
1405 767 1441 874 P,
1464 767 1615 848 Kaprinai
1628 767 1770 848 Peterlyo
1784 769 1882 828 tribuit.
1949 743 1950 818 l

437 852 1123 934 ltakoezyprosccutumestaead.e..1.001-
1178 856 1316 916 Historia
1340 859 1439 936 Regni
1466 857 1656 938 Hungariae.
1680 857 1779 936 Hujus
1796 861 1882 918 memi-

439 941 558 1020 legium.
576 942 742 1004 Oassoviae
761 941 858 1007 1677.
874 943 906 1008 4.
1223 947 1266 1007 nit
1282 947 1457 1008 Saasskius.

914 1067 978 1121 (m,
991 1070 1098 1124 affl)
1178 1035 1413 1098 Introductiouis
1428 1038 1523 1098 facilis
1538 1039 1569 1098 iu
1585 1037 1749 1098 docuinam
1762 1037 1797 1098 de
1811 1039 1885 1098 lictu

1224 1127 1430 1188 Continuatio.
1446 1129 1582 1190 Viennae
1589 1127 1747 1188 Kalivoda
1757 1125 1845 1191 1746.
1859 1125 1885 1189 8.

446 1214 684 1280 1112282126
717 1215 918 1292 Snnrusuus,
949 1218 1124 1299 Hungarus,
1178 1219 1278 1280 Vertit
1294 1238 1333 1278 ea
1347 1219 1448 1280 italico
1463 1218 1644 1279 concionem
1659 1219 1696 1279 P.
1721 1218 1885 1279 Bordouiiu

394 1306 542 1366 ininsula
562 1306 749 1365 Tsalolsttaia
770 1303 823 1368 27.
845 1307 930 1387 Sept.
954 1307 1050 1371 1601.
1071 1331 1123 1370 ιιι-
1224 1307 1342 1370 Octava
1369 1307 1513 1390 Corporis
1534 1307 1646 1370 Christi
1665 1309 1696 1370 in
1720 1309 1835 1370 Festum
1858 1307 1885 1368 S.

396 1408 444 1457 tus
461 1407 492 1458 et
507 1406 568 1458 aet.
587 1393 638 1458 lS.
657 1394 799 1456 Societati
816 1397 998 1478 adscriptus,
1013 1399 1035 1462 4
1051 1409 1124 1461 vota
1223 1399 1343 1480 Aloysii
1367 1399 1529 1478 incidente3
1557 1400 1714 1478 vulgatam
1735 1419 1754 1460 ι
1780 1399 1815 1459 P.
1832 1399 1884 1458 Ka

397 1489 550 1568 professus
566 1487 694 1546 Nicolae
714 1487 912 1548 Esaterhbaio
935 1489 1042 1551 Comiti
1064 1491 1124 1552 Pa·
1223 1491 1322 1569 prinai
1335 1489 1423 1572 Eloq.
1434 1489 1466 1550 S.
1484 1491 1583 1550 'Peme
1598 1491 1642 1552 ll.

398 1579 491 1638 latium
508 1577 594 1637 datus
610 1586 672 1650 est,
694 1577 732 1636 ad
747 1578 840 1638 filium
856 1581 921 1657 ejus
938 1581 1124 1661 Stephanum
1296 1611 1368 1666 (ῃ...
1381 1618 1402 1653 ,2
1414 1613 1492 1664 emp.
1506 1613 1567 1652 pf...
1581 1612 1647 1652 ιφ,
1661 1611 1754 1663 uma
1768 1610 1867 1661 m.)

400 1671 534 1749 aliosque
550 1666 752 1728 nobilissimos
763 1669 894 1745 juvenes
915 1672 946 1731 in
967 1674 1039 1733 aula
1058 1675 1123 1750 ejus

399 1761 430 1820 in
460 1758 655 1838 Philosophia
690 1758 898 1820 instituendos.
930 1761 1006 1823 Cum
1037 1762 1125 1824 subin
1224 1760 1556 1825 nuntiationem
1572 1760 1708 1833 Bosora,
1731 1757 1888 1836 Hungams,
1949 1771 1950 1802 ι

399 1849 597 1928 Theologiam
617 1849 795 1928 polemicam
817 1859 848 1912 et
874 1853 1015 1914 moralem
1044 1855 1125 1934 Tyr·
1178 1852 1351 1932 Kenyisato
1371 1852 1401 1911 in
1421 1850 1573 1912 Comitutu
1603 1849 1814 1929 Zemplinieusi
1843 1845 1884 1908 10.
1949 1863 1950 1868 ’

399 1941 507 2001 navias
523 1940 666 2000 sexennio
682 1940 895 2020 prodegisset,
917 1943 1053 2005 diversum
1074 1945 1124 2004 do·
1181 1941 1248 2002 Oct.
1267 1939 1364 2004 1702.
1380 1951 1479 2015 natus,
1495 1949 1591 2002 etaet.
1609 1937 1662 2002 17.
1678 1941 1710 2000 iu
1725 1940 1888 2000 Societatem

400 2052 466 2091 mus
481 2030 651 2090 educationi
661 2031 831 2109 juventutis
840 2031 1006 2094 destinatas
1015 2044 1047 2095 et
1056 2033 1125 2094 col-
1180 2042 1351 2112 susceptus,
1374 2028 1397 2094 4
1417 2042 1491 2092 vota
1516 2032 1669 2111 professus
1693 2029 1889 2107 Philosophiae

400 2123 512 2200 legium
533 2120 732 2180 Oasseviense
757 2122 848 2196 rexit,
880 2144 916 2184 ac
937 2123 1055 2186 demum
1076 2126 1126 2206 pie
1180 2144 1217 2184 ac
1237 2123 1423 2201 Theologiae
1442 2121 1575 2196 Ductor,
1597 2123 1711 2202 pietate
1731 2140 1790 2182 non
1808 2119 1890 2178 minus

404 2211 477 2272 obiit
493 2213 667 2292 Tymaviae
686 2208 739 2272 19.
754 2212 830 2292 Apr.
849 2211 946 2276 1666.
962 2224 1024 2276 ιιι.
1041 2213 1095 2278 65.
1181 2234 1269 2295 quam
1305 2215 1430 2274 scientia
1451 2213 1527 2274 adeo
1555 2211 1710 2285 excelluit,
1735 2219 1768 2270 ut
1793 2208 1889 2289 praeci·
1949 2275 1950 2284 χ

468 2303 526 2363 Est
541 2304 608 2382 ejus
625 2302 730 2365 latine:
1180 2305 1248 2385 puis
1277 2305 1437 2364 enatione
1456 2303 1622 2382 hungarica
1650 2302 1811 2362 Societatis
1829 2299 1890 2358 siris
1949 2303 1950 2314 ¹

403 2393 508 2454 Oratio
525 2391 657 2452 timebris
673 2393 703 2450 in
719 2393 855 2474 exequiis
869 2395 989 2454 Nicolai
1005 2397 1127 2457 hlsster·
1180 2395 1286 2454 merito
1304 2396 1342 2454 sit
1365 2391 1612 2454 adnumerandus.
1632 2392 1790 2454 Absolutis
1806 2391 1889 2467 singu·

447 2483 514 2543 bhai
529 2481 613 2544 Com.
633 2483 733 2543 Palst.
754 2481 1027 2566 dictaTyruaviae,
1048 2486 1129 2549 edita
1182 2485 1240 2544 lari
1255 2483 1417 2545 cumlaude
1424 2483 1529 2544 studiis
1545 2483 1765 2563 Repetentihus
1779 2482 1888 2561 primum

444 2573 589 2632 Viennae.
610 2569 707 2636 1645.
724 2570 755 2634 4.
1183 2595 1262 2636 auno
1278 2595 1339 2635 uno
1356 2573 1676 2653 Saalrcltaaeliugucm
1692 2592 1829 2653 gmecam
1842 2579 1891 2628 tra·

805 2695 870 2748 (m,
883 2697 978 2736 m,
991 2698 1101 2752 mm)
1183 2665 1267 2726 didit.
1292 2667 1374 2726 Tum
1394 2665 1587 2746 qucdn'ennio
1609 2663 1786 2745 TJIMVllS
1804 2659 1890 2720 Philo·
1949 2657 1950 2696 l

1183 2755 1308 2835 sophiae
1323 2765 1426 2836 partes
1450 2775 1552 2816 omnes
1575 2753 1692 2833 docuit3
1717 2773 1775 2835 quo
1794 2761 1890 2830 umpo

443 2845 550 2909 nm
575 2843 795 2918 Vaununruus,
817 2843 992 2924 Hungarus,
1010 2846 1129 2926 Tyrna·
1184 2867 1217 2906 re
1234 2847 1321 2906 simul
1342 2867 1399 2927 per
1419 2845 1587 2907 absolutam
1607 2843 1738 2928 denique
1756 2841 1892 2925 speculam
1949 2839 1950 2900 3

399 2937 468 2996 viae
486 2932 538 2998 17.
554 2936 645 2995 Mart.
664 2931 760 3000 1712.
777 2937 879 3010 natus,
902 2931 1000 2998 1726.
1021 2937 1051 2996 in
1071 2936 1127 2997 So·
1184 2937 1421 3010 astronomicam,
1445 2937 1679 2998 ohservationes
1697 2937 1730 2996 in
1749 2955 1786 2996 ca
1803 2935 1891 3000 lacu.
1949 2943 1950 2952 ’

399 3027 539 3088 eisteten
556 3033 706 3105 receptus,
723 3023 745 3088 4
761 3035 833 3086 veta
848 3027 1012 3105 professus,
1028 3027 1129 3088 Philo·
1183 3029 1382 3088 instrumenta
1393 3028 1481 3108 plura
1496 3046 1515 3087 ι
1530 3047 1563 3090 se
1577 3027 1735 3101 fabricata,
1750 3025 1891 3085 detectam·

397 3117 522 3198 sophiae
546 3125 577 3175 et
598 3116 787 3194 Theologiae
801 3117 932 3190 Ductor,
958 3117 1039 3178 illam
1055 3138 1128 3198 qua·
1184 3139 1243 3199 que
1260 3139 1279 3178 ι
1294 3138 1327 3178 se
1343 3138 1493 3178 novamne
1509 3117 1729 3197 simpliciorem,
1745 3137 1780 3176 ao
1793 3111 1892 3190 Anglo·

400 3208 535 3268 dnennie
557 3206 692 3266 Viennae
713 3207 741 3264 in
763 3205 980 3280 Universitute,
1010 3206 1128 3268 biennio
1183 3229 1249 3269 rum
1265 3209 1332 3284 init,
1350 3209 1533 3289 Telescopia
1548 3206 1723 3268 conficiendi
1742 3201 1893 3268 methodum

399 3301 430 3358 in
447 3297 585 3374 Collegio
606 3295 760 3356 Nobilium
781 3297 981 3372 Theresiane,
1009 3297 1130 3360 Graecii
1183 3319 1325 3378 magnum
1346 3299 1403 3359 sibi
1426 3299 1476 3360 vel
1494 3297 1624 3358 Londiui
1649 3319 1763 3359 nomen
1781 3293 1892 3376 peperit·

402 3387 633 3448 Controversias
650 3407 805 3446 announo
823 3387 938 3460 docuit,
955 3399 1130 3470 postquem
1183 3391 1226 3450 At
1249 3390 1326 3450 enim
1352 3409 1419 3449 cnm
1444 3389 1568 3469 specula
1591 3389 1759 3462 metallica,
1786 3402 1893 3466 quorum

401 3481 529 3538 Romam
552 3477 661 3536 missus
688 3475 954 3539 Poeniteutiariurn
978 3479 1128 3558 Hungari·
1179 3482 1245 3560 jam
1270 3481 1301 3539 in
1321 3481 1493 3560 telescopiis
1518 3499 1606 3552 usus,
1631 3499 1692 3559 ope
1719 3475 1841 3539 arsemci
1858 3474 1892 3532 in·

401 3589 468 3630 oum
484 3566 679 3648 quadriennio
696 3567 767 3646 egit.
783 3568 893 3630 Redux
909 3589 1013 3631 rursus
1036 3569 1129 3631 Grae·
1183 3571 1323 3630 flammati
1340 3579 1471 3650 pararet,
1495 3570 1659 3652 vaporibus
1677 3563 1892 3631 ascendentibus

400 3661 440 3720 cii
457 3658 489 3719 S.
506 3657 690 3738 Scripturam
714 3679 792 3718 anne
809 3678 884 3734 uuo,
910 3680 945 3719 ae
966 3659 1131 3722 Gassoviae
1183 3661 1380 3723 maximorum
1395 3661 1550 3742 utriusque
1565 3679 1673 3722 manus
1682 3660 1839 3740 digitorum
1849 3671 1893 3712 usn

402 3749 606 3828 Theologiem
633 3749 831 3828 dogmaticam
853 3750 1049 3831 quadriennio
1070 3761 1131 3812 tra·
1186 3753 1216 3812 in
1232 3771 1348 3813 omnem
1364 3751 1509 3832 reliquam
1528 3753 1620 3812 vitam
1643 3753 1783 3832 privatus
1804 3755 1855 3816 est,
1868 3753 1894 3801 ut

402 3841 488 3902 didit.
526 3841 634 3901 Sooius
665 3840 734 3900 dein
770 3840 949 3901 Provinciae
980 3840 1133 3904 Praesidis
1188 3851 1274 3902 tanto
1289 3841 1384 3921 magis
1403 3843 1509 3901 minum
1529 3843 1583 3916 sit,
1606 3842 1757 3924 quomodo
1778 3847 1823 3899 tet
1842 3845 1893 3894 tao·

403 3932 542 4004 triennio,
560 3931 656 3990 altero
671 3931 785 3992 ilector
800 3929 823 3991 J
825 3932 930 4004 aurini,
947 3931 1135 3992 domumcum
1189 3941 1279 4012 taque
1295 3931 1425 3992 scribere
1440 3933 1587 4012 potuerit,
1610 3933 1667 3992 nisi
1682 3934 1760 3993 iorte
1781 3926 1892 3988 scriben·

404 4023 584 4102 'l'yruaviae
605 4021 683 4082 idem
697 4042 804 4082 munus
826 4023 856 4082 in
877 4021 1004 4082 alterum
1025 4043 1136 4082 annum
1190 4023 1229 4084 da
1245 4021 1331 4082 alteri
1348 4021 1479 4082 dictavit.
1504 4021 1726 4082 Celeberrimus
1748 4023 1787 4082 D.
1810 4015 1893 4078 cassi·

409 4113 521 4184 obhet,
540 4112 703 4172 Posonium
720 4110 759 4171 ad
783 4113 940 4191 generalia
958 4113 1056 4192 Regni
1077 4113 1134 4173 Oe·
1189 4113 1228 4186 ni,
1253 4133 1319 4172 cum
1334 4113 1520 4193 Tyrnaviam
1541 4113 1693 4187 transiret,
1718 4109 1892 4174 smditionsu

408 4202 493 4262 mitia
513 4203 634 4262 nomine
652 4203 746 4262 tetius
771 4203 945 4284 provinciae
974 4206 1135 4282 proiectus,
1188 4203 1277 4263 Kerii
1293 4203 1458 4284 zelumque,
1482 4223 1541 4285 quo
1556 4213 1590 4262 ut
1606 4204 1750 4264 scientiae
1765 4205 1795 4262 in
1813 4197 1895 4279 pabit

410 4291 520 4353 ibidem
536 4291 584 4370 pie
600 4291 673 4352 obiit
689 4291 742 4354 21.
758 4291 823 4353 Jul.
844 4291 938 4356 1763.
956 4303 1015 4354 aet.
1032 4291 1085 4356 62.
1190 4295 1414 4368 ehorescsrsnt,
1439 4293 1566 4366 studuit,
1593 4293 1758 4354 adrniratm
1784 4299 1831 4352 est
1856 4306 1895 4344 ve·
1949 4325 1950 4378 p

489 4381 592 4441 Edidit
606 4383 669 4442 sine
684 4385 802 4444 nomine
817 4383 958 4444 idiomate
973 4385 1082 4449 latino:
1190 4384 1359 4458 bemeuter,
1375 4384 1539 4465 litterisque
1555 4384 1681 4464 posthac
1697 4383 1737 4444 ad
1753 4403 1818 4444 eum
1833 4377 1895 4438 (1⁸4⁸

414 4473 632 4552 lmaaspoatici
643 4473 805 4554 allegorici.
815 4471 1093 4554 Tyrnaviaei'lhii.
1106 4471 1136 4535 8.
1190 4477 1288 4556 ipsum
1308 4476 1513 4536 Maecenatem
1540 4475 1730 4535 scientiarum
1754 4467 1896 4550 compella·

415 4563 516 4624 Series
545 4562 697 4624 Bonorum
722 4564 908 4640 Dalmatiae,
940 4563 1082 4626 Creatiae
1108 4575 1139 4624 et
1191 4565 1245 4626 vit.
1268 4565 1299 4624 A
1318 4565 1514 4645 Philosophia
1533 4565 1573 4624 ad
1597 4565 1797 4644 Theologiam
1815 4571 1896 4622 trans·

461 4654 638 4714 Sclavenioe
655 4654 865 4733 chronologice
880 4655 919 4716 ad
935 4675 1045 4715 ιιιιιιιιι
1066 4656 1138 4715 Sae-
1192 4655 1272 4716 latus
1299 4657 1495 4729 Polemicam,
1529 4655 1688 4730 Moralem,
1722 4653 1897 4716 canonican.

462 4744 520 4804 culi
535 4745 623 4824 hujus
640 4746 824 4824 trigesimum
840 4747 968 4805 tertium·
983 4745 1138 4824 preducta.
1193 4745 1400 4826 Dogmaticam
1416 4745 1635 4824 annissingulis
1650 4745 1833 4826 'symoniae
1847 4751 1898 4798 tum

462 4835 637 4915 Tyrusviae
661 4831 758 4897 1737.
780 4831 810 4896 8.
832 4833 1048 4916 Compendium
1069 4857 1139 4916 ope·
1192 4837 1269 4897 hanc
1285 4857 1364 4896 auno
1379 4857 1439 4896 uuo
1456 4835 1591 4910 Graccii,
1615 4855 1651 4896 ac
1664 4834 1793 4916 denique
1808 4847 1897 4892 seron
1949 4881 1950 4932 ,

464 4927 505 4984 rie
521 4927 696 5000 Ratuaiuai,
721 4925 830 4986 additis
844 4924 1018 5006 quibusdam
1032 4927 1139 4987 exLu·
1193 4929 1243 4988 uio
1258 4927 1393 4988 Viennae
1409 4927 1545 5000 tradidit,
1567 4927 1619 4986 ubi
1635 4925 1733 4986 adhuc
1754 4943 1828 4986 anno
1847 4935 1897 4982 unt>
1949 4947 1950 4990 l

464 5017 511 5073 cio
527 5026 558 5076 et
573 5017 712 5076 Timone.
737 5014 822 5096 (lpus
839 5034 858 5076 ι
874 5016 938 5076 ιοΙο
960 5015 1054 5078 Bellio
1077 5018 1140 5077 An·
1194 5019 1382 5078 Praefectum
1397 5017 1568 5096 generalem
1585 5016 1764 5088 studiorum,
1787 5023 1816 5074 et
1835 5009 1896 5068 alto·

462 5108 546 5166 tonio
562 5105 702 5166 Hellnrar
718 5105 749 5167 S.
766 5105 798 5168 J.
816 5128 835 5168 ι
855 5107 978 5188 reliquis
1003 5107 1139 5170 omnibus
1194 5129 1229 5168 ro
1255 5108 1418 5168 reviserem
1445 5107 1589 5168 librorum
1608 5108 1679 5186 effl't.
1709 5107 1794 5167 Haec
1818 5097 1897 5162 officit
