4036 5954
1012 365 1255 430 -288-

414 541 514 592 torum
535 551 571 591 ac
604 529 829 592 Venerabilium
853 529 1106 610 Presbyterorum
1205 549 1316 589 vanum
1347 527 1503 589 oraculum
1532 527 1654 600 refellit,
1685 547 1798 588 anuum
1836 547 1894 608 quo

413 621 669 684 nouPontilicum.
676 621 813 681 Viennae
833 620 992 700 Heyinger
1009 617 1106 682 1723.
1205 618 1325 678 Paecha
1341 619 1500 678 inFeetum
1512 617 1544 678 S.
1551 616 1645 680 Marci
1660 617 1781 691 incidet,
1795 617 1894 678 inaus-

415 713 465 772 fol.
1206 709 1337 788 picatum
1358 709 1430 768 lore.
1455 707 1601 767 Viennae.
1627 706 1775 788 Dispersa
1811 707 1895 768 brevi

370 803 476 880 imago
500 801 536 860 B.
554 800 693 872 Parochi,
711 821 764 859 seu
780 800 861 859 Acta
876 799 911 858 B.
927 799 1011 859 Petri
1032 800 1106 858 For·
1191 807 1342 878 ,temporo
1358 797 1396 858 ad
1414 795 1456 859 12
1478 797 1570 858 millia
1593 798 1818 877 exemplarium.

416 891 495 950 rarii.
523 891 659 950 Viennae
682 889 929 950 Schwendimann
955 886 1052 953 1731.
1075 886 1106 950 8.
1162 885 1316 968 Apologia
1331 908 1385 967 pro
1403 887 1554 948 Societate
1574 886 1662 960 Jesu,
1685 908 1745 968 qua
1766 887 1894 946 ostendi·
2008 951 2009 960 ,

415 1001 532 1040 summa
548 1000 615 1039 cum
631 979 775 1040 aviditate
791 999 845 1058 per
862 999 964 1039 ornnes
985 979 1107 1058 provin·
1206 987 1279 1052 tur,
1310 977 1421 1037 maium
1440 978 1602 1038 haereseos
1628 978 1707 1036 circa
1727 977 1894 1036 Traunhir-
2008 1023 2009 1052 3

416 1073 479 1130 cius
501 1069 656 1130 distracta.
681 1071 802 1130 Recuea
824 1070 855 1128 in
876 1068 1017 1129 Dioecesi
1033 1070 1106 1130 Tul·
1207 1067 1342 1128 uhienees
1357 1067 1894 1146 paroeciaecrumpeuenegligeutiae

415 1160 490 1220 lensi
519 1161 549 1219 in
576 1158 779 1238 Letharinffl'a
807 1177 874 1218 cum
901 1158 1012 1238 Elegio
1044 1160 1106 1220 Au·
1206 1152 1850 1238 8000110000]1000108000000001734.

414 1251 498 1310 toris.
1161 1245 1380 1307 Catachismus.

371 1338 550 1400 Informatio
567 1337 605 1398 de
620 1337 982 1398 Archi-Constaternitate
998 1338 1108 1399 Rorna-
1165 1335 1340 1397 Cantilenae
1355 1356 1411 1415 pro
1426 1335 1512 1397 festis
1529 1336 1623 1396 totius
1640 1337 1737 1396 aunis.
1757 1335 1895 1396 Viennae

415 1449 457 1490 na
500 1428 667 1488 Doctrinae
706 1427 892 1488 Christianae
928 1437 959 1488 01
999 1427 1108 1488 Passa·
1209 1447 1246 1486 ex
1262 1427 1340 1487 Bibi.
1357 1425 1512 1486 Catechet.
1529 1421 1560 1486 8.
1577 1426 1665 1486 Aliae
1680 1425 1895 1486 0111000οω10-

415 1519 512 1578 vienei
535 1537 602 1576 cunr
630 1516 902 1578 Observationibue
930 1519 961 1577 in
987 1518 1108 1580 Bullam
1207 1517 1310 1591 uibus,
1332 1516 1488 1597 inquibus
1504 1515 1671 1596 pangendis
1687 1516 1765 1574 mira
1784 1515 1897 1594 gaude-

416 1607 505 1667 Pauli
520 1608 557 1666 V.
577 1605 673 1672 1601.
690 1607 782 1667 Item:
1208 1605 1261 1666 bat
1280 1607 1434 1680 facilitate,
1464 1625 1579 1665 summo
1603 1625 1670 1666 cum
1691 1606 1793 1666 fructu
1815 1624 1900 1685 epar-

373 1695 611 1759 Observationes
625 1697 662 1756 de
678 1697 783 1756 eadem
799 1716 866 1756 cunr
882 1697 991 1776 Elegio
1014 1695 1051 1756 A.
1068 1698 1107 1760 R.
1209 1715 1272 1756 eae.

415 1787 457 1847 D.
473 1786 593 1860 Sautnr,
616 1787 745 1846 Parochi
760 1787 790 1846 in
805 1786 1005 1860 Fischament,
1016 1786 1107 1866 iusig-
1162 1785 1299 1866 Denique
1314 1785 1344 1845 in
1361 1783 1588 1866 Gazophylacio
1604 1783 1733 1845 Annaeo
1754 1793 1900 1844 servatae

415 1877 462 1938 uis
479 1877 620 1936 zelatoris
636 1875 791 1936 doctrinae
807 1876 987 1936 christianae
1003 1885 1034 1936 et
1048 1878 1108 1958 pri-
1208 1885 1278 1935 eunt
1294 1875 1467 1935 innumerae
1489 1873 1616 1935 schedae
1646 1875 1740 1935 latino
1762 1893 1902 1935 sermone

417 1967 458 2026 mi
479 1966 663 2026 Fundatorie
683 1966 888 2026 Bibliothecae
908 1966 1108 2028 catechcticae
1207 1985 1298 2025 mauu
1320 1965 1387 2043 ejus
1403 1965 1547 2043 scriptae,
1568 1972 1599 2024 et
1613 1965 1754 2024 materiae
1772 1964 1836 2024 lere
1851 1983 1900 2022 ae—
2008 2007 2009 2010 ,

416 2055 455 2116 ad
472 2055 502 2115 S.
519 2055 638 2116 Annae.
655 2055 794 2115 Paeeavii
814 2052 911 2118 1731.
1208 2056 1318 2114 ceticae
1344 2055 1544 2127 continentes,
1574 2073 1649 2135 quas
1672 2055 1709 2114 P.
1740 2053 1900 2113 Antonine
2008 2083 2009 2144 3

373 2144 494 2206 Puncta
509 2145 658 2224 quaedam
674 2145 751 2206 Ven.
769 2144 859 2205 Olera
875 2165 977 2205 curam
994 2147 1108 2206 anima·
1207 2145 1352 2222 Eglauer,
1368 2165 1435 2205 curn
1451 2143 1590 2204 Novitiae
1606 2142 1716 2204 ibidem
1732 2151 1825 2216 esset,
1848 2143 1900 2202 de·

417 2255 484 2296 rum
514 2234 639 2294 habenti
661 2253 716 2314 per
731 2235 985 2296 Archidioeceeim
1016 2235 1107 2296 Vien·
1208 2232 1510 2314 scripsit,in4partes
1530 2233 1644 2293 tomulo
1661 2253 1720 2294 uno
1741 2234 1772 2292 in
1790 2243 1902 2292 octavo
2008 2229 2009 2258 ¹

415 2344 539 2386 neueem
560 2323 598 2384 de
621 2323 829 2404 promovenda
850 2325 1002 2385 Doctrina
1024 2323 1109 2386 chri·
1209 2324 1338 2402 collegit,
1354 2325 1429 2383 etin
1444 2323 1679 2383 DomoAnnaea
1693 2323 1826 2404 reliquit,
1841 2343 1903 2402 quo
2008 2313 2009 2364 i

416 2415 526 2476 atiena.
1165 2451 1168 2466 ·
1209 2415 1328 2475 Novitii
1342 2415 1388 2473 uei
1403 2423 1483 2486 sunt,
1506 2433 1545 2474 ue
1561 2413 1762 2493 Autographa
1776 2413 1902 2473 nimium
2008 2423 2009 2452 ¹

371 2503 586 2564 Meditationes
602 2511 670 2562 octo
686 2521 742 2580 pro
760 2501 968 2584 quadriduana
984 2504 1108 2584 spiritus
1210 2512 1390 2564 tererentur.

416 2591 628 2652 recollectione
651 2601 681 2650 et
701 2591 733 2652 S.
756 2591 1015 2671 Quadragesimae
1035 2603 1107 2654 tem·
1423 2624 1497 2677 (om.
1510 2629 1529 2662 a
1544 2624 1624 2674 sap..
1638 2624 1701 2663 pm,
1713 2623 1783 2662 1....
1796 2621 1877 2674 Νι..)

413 2683 479 2764 pori
525 2681 728 2747 accomodata.
772 2682 910 2743 Viennae
947 2683 1106 2764 Heylnger

418 2769 518 2834 1726.
537 2767 567 2832 8.
1206 2771 1391 2840 omnus
1401 2803 1413 2820 ·
1422 2770 1698 2834 EGGIAESIHSE
1713 2767 1905 2833 001010361-

369 2861 633 2924 Oonoidcrationes
665 2861 702 2921 (10
724 2861 796 2921 Vita
814 2861 855 2921 D.
879 2863 919 2922 N.
936 2860 968 2922 d.
986 2861 1021 2924 Ο.
1038 2883 1106 2923 cum
1160 2865 1224 2926 111
1241 2883 1288 2922 au.
1309 2859 1406 2922 1694.
1423 2881 1441 2919 a
1458 2859 1574 2920 (tomice
1592 2857 1904 2940 GeorgioSaechenJi

412 2951 624 3012 reflexionibus
642 2952 788 3011 advitam
804 2953 1104 3032 praeteritamprae-
1159 2952 1394 3030 Archiopieropo
1411 2949 1612 3029 Strigonienai
1626 2948 1795 3008 fundatum.

412 3051 528 3104 sentem
558 3050 589 3102 et
616 3043 745 3102 futuram
774 3041 925 3102 christiani
960 3042 1105 3102 Sacerdo·
1161 3043 1324 3114 Poemata,
1361 3061 1438 3120 qaae
1459 3039 1593 3118 Georgio
1615 3039 1717 3098 Kllmo
1742 3037 1903 3118 Episcopo

414 3133 462 3192 tie.
1207 3128 1545 3212 QuinqueEccleeiensi
1560 3131 1589 3188 in
1605 3129 1685 3207 grati
1701 3128 1793 3188 animi
1809 3127 1901 3205 sigui-

438 3221 632 3281 Gcrmanice:
1206 3222 1377 3282 ficationem
1398 3219 1506 3279 obtulit
1528 3219 1727 3299 Gymnasium
1749 3218 1789 3277 oh
1807 3217 1901 3276 dona-

369 3311 442 3370 Vita
464 3311 496 3370 S.
513 3309 652 3370 Severini
666 3311 807 3386 Abbatis,
823 3308 964 3390 Apostoli
981 3312 1106 3372 Norico·
1206 3321 1270 3372 tum
1302 3310 1341 3370 ab
1366 3329 1402 3370 eo
1436 3307 1590 3370 studiosae
1604 3309 1761 3388 juventuti
1778 3308 1902 3368 xenium

415 3420 481 3460 rum
499 3398 753 3472 elatino,addita
767 3401 817 3480 pia
832 3401 1013 3460 inSauctum
1029 3401 1107 3462 huuc
1207 3401 1393 3472 litterarium,
1401 3399 1521 3459 ineunte
1538 3419 1617 3458 anuo
1636 3393 1901 3460 lillvoluntate

416 3488 586 3548 devotionis
617 3489 754 3548 formula.
785 3490 922 3549 Viennae
957 3488 1053 3552 1728.
1077 3499 1108 3551 01
1208 3490 1342 3570 ejusdem
1375 3488 1527 3548 Praesulis
1558 3487 1670 3568 publici
1695 3488 1777 3566 juris
1809 3487 1899 3546 lecta.

419 3574 516 3640 1744.
533 3574 563 3638 8.
1208 3579 1355 3666 (Xeuium
1371 3589 1438 3638 erat
1453 3579 1564 3639 Franc.
1581 3575 1717 3638 Sacchini
1734 3575 1767 3636 S.
1793 3575 1826 3636 J.
1851 3577 1903 3634 Li·

371 3669 526 3728 Decimum
544 3668 702 3747 septimum
720 3666 879 3728 Saeculum
886 3667 1108 3730 Catholicorum
1208 3671 1305 3732 hellue
1322 3669 1359 3728 de
1375 3670 1492 3728 ratione
1508 3667 1602 3728 libroe
1618 3688 1683 3727 curn
1705 3667 1840 3727 utilitate
1860 3665 1903 3724 le·

417 3759 590 3837 oppositum
619 3757 751 3817 secundo
780 3759 890 3820 Sectae
903 3759 1106 3820 Lutherauae.
1208 3759 1307 3838 gandi,
1331 3767 1361 3818 et
1373 3756 1481 3818 Oratio
1497 3756 1534 3818 de
1550 3757 1687 3818 cavenda
1697 3755 1833 3816 moribus
1849 3775 1903 3814 no·

417 3848 554 3908 Viennae
570 3846 791 3908 Schwendiman
811 3845 908 3910 1733.
926 3845 956 3910 8.
1208 3852 1262 3910 xia
1275 3849 1413 3908 lectione.
1430 3849 1458 3907 11
1476 3846 1666 3908 Carminibus
1683 3845 1903 3907 00011100οωί-

372 3937 421 3997 An
438 3945 469 3997 et
485 3937 555 4017 quid
571 3937 761 3998 metuendum
780 3959 817 3998 ex
834 3958 879 4012 ec,
896 3939 1014 4020 quando
1030 3939 1108 3998 Mar·
1209 3961 1258 4000 um
1275 3939 1399 4016 Georgii
1413 3938 1538 3998 l'aiceer
1553 3937 1586 3998 S.
1603 3931 1652 4022 J.)

418 4047 470 4087 cae
486 4027 606 4086 Pascha
621 4025 715 4102 dabit,
739 4049 831 4088 versu
846 4030 1032 4106 germanico,
1049 4049 1108 4109 quo
1748 4055 1877 4109 (00.0...)

419 4653 535 4715 em
559 4651 762 4726 eucnemon,
786 4653 966 4732 Hungarue,
990 4653 1109 4714 Jaurini
1164 4655 1202 4715 ad
1219 4653 1251 4716 S.
1267 4655 1352 4715 Petri
1367 4653 1621 4715 Poenitentiarius
1646 4651 1854 4730 Hungaricne,
1870 4659 1902 4710 et

377 4739 429 4802 12.
446 4740 514 4801 Oct.
534 4737 629 4802 1686.
646 4751 744 4814 natus,
761 4741 907 4802 Societati
923 4763 954 4802 se
971 4741 1108 4820 adjunxit
1164 4743 1360 4824 quadriennio
1382 4745 1479 4804 altero
1503 4744 1692 4822 Substitutus
1717 4741 1900 4802 Assisteutie

376 4839 435 4890 aet.
460 4829 526 4905 17.,
550 4840 581 4892 01
603 4828 624 4892 4
646 4841 722 4890 vota
743 4833 896 4911 professus
920 4851 954 4890 00
970 4830 1102 4892 Philoeo·
1163 4834 1345 4894 Germaniae
1362 4853 1398 4892 ec
1412 4834 1508 4894 redux
1524 4834 1651 4893 triennio
1667 4833 1705 4890 R.
1723 4832 1759 4890 Ρ.
1775 4831 1901 4890 Provin-

373 4917 463 4996 phiae
486 4919 619 4991 Doctor,
644 4920 819 4999 Tyrnaviae
841 4921 973 4992 I'oesim,
990 4921 1107 4980 Mathe·
1163 4925 1227 4984 ciae
1243 4924 1381 4984 Praesidi
1398 4923 1437 4982 ab
1454 4924 1590 5003 epistolis
1607 4923 1676 5000 luit3
1693 4920 1763 4980 dein
1777 4918 1901 4980 Poeouii

376 5006 431 5065 sim
448 5025 483 5066 00
499 5007 733 5086 Philosophiam,
749 5009 864 5087 Agrico
881 5009 1061 5068 Polemicam
1073 5030 1109 5069 ac
1162 5013 1276 5073 Rector
1293 5058 1300 5085 ,
1340 5013 1444 5073 Budas
1467 5013 1586 5074 demum
1602 5013 1651 5091 pie
1668 5009 1744 5070 obiit
1760 5007 1815 5072 24.
1832 5007 1899 5067 001.

375 5095 523 5154 Moralem
543 5096 653 5156 docuit.
677 5098 758 5158 Tam
779 5097 973 5176 quadriennio
993 5097 1107 5159 Romae
1165 5099 1262 5162 1757.
1279 5111 1339 5162 001.
1359 5101 1410 5164 71.
1427 5103 1502 5163 Erat
1518 5103 1554 5162 P.
1575 5100 1748 5180 Stephanus
1770 5099 1897 5160 Provin-
