4118 5960
1032 363 1253 428 ..50-

381 529 562 609 Theologia,
577 528 807 610 Philosophiam
823 527 927 588 docuit
942 527 1114 606 anrabiae

381 621 594 702 quinquennio,
609 620 806 680 concionatus
829 625 877 678 est
898 619 1058 691 sexennio,
1083 627 1114 678 et

382 709 553 788 Zagrabiae
573 708 732 768 Seminarii
752 709 874 786 Regens
895 707 944 788 pie
964 707 1040 768 obiit
1059 705 1114 770 24.

381 799 463 860 Nos.
482 795 568 860 1105
584 809 645 859 aet.
660 794 714 859 51.

451 887 548 967 Oujns
563 889 671 948 latine:

382 977 552 1056 Panegyris
569 997 625 1056 pro
645 977 750 1036 funere
767 975 893 1037 Comitis
909 975 1043 1036 Emerici
1058 975 1115 1034 Er·

427 1065 518 1146 dedy,
527 1066 767 1126 Tavernicorum
773 1067 911 1146 Reg.per
926 1065 1117 1144 Hungariam

426 1156 566 1235 Magistri
582 1155 664 1216 dicta
681 1152 778 1217 1690.
804 1155 981 1235 Tyrnaviae
1003 1152 1036 1216 4.

795 1275 858 1328 (sur.
872 1277 965 1316 suas...
978 1273 1090 1326 sas-aa.)

427 1391 561 1470 nitvu
576 1404 732 1478 dorsuna,
755 1404 933 1482 Hungarns,
950 1403 1116 1486 11γὸ63γὸ-

383 1497 440 1556 sini
457 1494 587 1557 1.Eebr.
606 1493 809 1558 leonnatus
826 1503 858 1554 et
872 1504 933 1554 aet.
952 1492 1004 1558 18.
1016 1495 1116 1556 Socie-

382 1587 439 1646 tati
457 1585 641 1664 adscriptus,
666 1585 772 1646 audita
787 1583 826 1645 ob
843 1584 991 1646 tumultus
1009 1586 1116 1646 Turni-

383 1696 434 1736 cos
449 1674 647 1756 Philosophia
662 1674 797 1752 Pragee,
818 1672 1019 1752 Theologiam
1035 1676 1116 1756 Tyr·

382 1767 490 1825 navias
510 1784 626 1826 summa
645 1765 692 1825 sui
715 1761 975 1824 commendatione
996 1767 1117 1845 excepit

381 1857 662 1936 propugnavitque,
686 1862 718 1913 et
744 1851 972 1930 Philosophiam
1002 1853 1114 1915 Gasso·

382 1943 573 2022 viaedocuit;
590 1966 638 2006 an.
651 1941 748 2004 1699.
765 1942 908 2002 restituta
923 1951 995 2020 post
1010 1964 1115 2006 saecu·

381 2035 445 2094 lum
466 2032 621 2096 Societete
643 2035 674 2092 in
698 2031 932 2111 Transylvania,
963 2053 1022 2112 quo
1049 2036 1116 2111 jam

383 2123 467 2202 prius
483 2131 518 2182 ut
533 2124 628 2184 tntins
643 2123 755 2182 lateret
767 2122 797 2181 in
810 2129 897 2181 veste
912 2122 1117 2183 ecclesiastica

383 2211 546 2288 concessit,
562 2213 677 2293 primus
698 2231 804 2270 rursus
819 2209 1048 2290 Philosophiam
1063 2213 1116 2272 do·

383 2303 455 2376 cuit,
476 2321 512 2361 ac
533 2303 638 2362 fractis
653 2321 724 2360 mox
739 2300 853 2360 viribus
871 2299 1048 2378 Tyrnaviae
1069 2302 1119 2382 pie

385 2391 459 2452 obiit
476 2386 529 2450 10.
544 2393 626 2452 Nos.
644 2387 742 2453 1701.
759 2399 820 2449 aet.
833 2386 887 2450 39.

452 2479 558 2540 Edidit
580 2482 690 2542 latine:

384 2571 490 2632 Haroa
504 2570 602 2631 Fama
618 2569 806 2630 Seremssrmr
825 2577 1011 2628 mvrctunrm
1026 2570 1121 2631 Ducis

1169 537 1228 600 tus,
1249 525 1355 586 andita
1368 527 1484 587 Romae
1502 525 1701 604 Philosophia
1721 533 1753 585 et
1769 521 1903 584 Theolo-

1168 619 1227 696 gia‚
1248 615 1416 696 ibidemque
1436 615 1613 676 Sacerdotis
1634 615 1770 674 initiatus
1792 615 1906 694 spretis

1170 705 1307 767 omnibus
1326 706 1359 782 jn
1376 704 1561 767 Societatem
1584 724 1618 765 se
1638 703 1771 764 condidit
1786 705 1908 764 Romae

1170 793 1201 858 2.
1218 795 1283 856 Jul.
1302 793 1403 868 1666,
1419 803 1450 855 et
1470 795 1572 874 posito
1593 795 1710 854 Romae
1735 793 1775 852 ad
1795 793 1826 852 S.
1842 792 1910 851 An·

1170 885 1260 945 dreae
1277 885 1427 964 tyrocinio
1447 885 1478 944 in
1497 883 1691 944 Provinciam
1713 882 1911 942 Austriecam

1170 975 1279 1034 missus
1295 983 1352 1047 est,
1368 974 1421 1034 ubi
1435 971 1458 1034 4
1472 983 1547 1035 vota
1563 973 1733 1052 professus,
1748 981 1781 1032 et
1796 973 1911 1030 utrius-

1172 1084 1230 1144 que
1242 1063 1396 1122 l'acultatis
1407 1083 1545 1143 purpura
1554 1060 1697 1136 donatus,
1713 1081 1781 1121 cum
1794 1071 1911 1120 utram·

1172 1173 1230 1234 que
1254 1154 1411 1214 scientiam
1427 1153 1564 1214 Viennae
1585 1153 1749 1225 docuisset,
1780 1149 1912 1228 Collegii

1172 1243 1329 1303 Lincensis
1344 1251 1377 1302 et
1400 1242 1611 1302 Passuviensis
1635 1242 1764 1312 Rector,
1785 1239 1912 1300 tandem

1172 1331 1340 1413 profundae
1355 1332 1548 1404 humilitatis,
1572 1331 1764 1411 paupertatis
1782 1339 1813 1390 et
1829 1349 1912 1389 mor-

1173 1422 1345 1482 tificationis
1377 1422 1546 1501 exemplar,
1578 1421 1717 1482 Viennae
1747 1419 1779 1478 in
1808 1419 1912 1480 Domo

1172 1513 1310 1591 professa
1326 1531 1452 1570 snorum
1466 1512 1497 1570 iu
1517 1511 1626 1592 spiritu
1646 1509 1834 1589 praelectus,
1854 1529 1911 1588 po·

1172 1611 1286 1660 stremo
1311 1621 1391 1660 anno
1423 1619 1532 1660 coecus
1564 1609 1596 1659 et
1627 1598 1746 1674 surdus,
1777 1599 1913 1680 piissime

1173 1690 1248 1750 obiit
1264 1687 1317 1750 22.
1333 1689 1426 1749 Febr.
1445 1687 1606 1750 1721aet.
1626 1685 1678 1751 78.

1241 1779 1345 1838 Edidit
1362 1779 1475 1839 latine:

1169 1869 1330 1950 Epinicion
1345 1868 1529 1948 Imperatori
1545 1866 1709 1946 Rudolpho
1726 1865 1752 1926 I.
1768 1865 1911 1928 Viennae

1218 1955 1315 2020 1616.
1340 1959 1493 2017 Recnsum
1508 1957 1580 2017 ibid.
1593 1957 1743 2016 Trattner
1761 1952 1858 2017 1755.
1882 1953 1915 2016 8.

1172 2046 1312 2128 Quinque
1328 2066 1416 2107 rarae
1440 2047 1624 2106 fortitudinis
1647 2046 1789 2126 exempla
1803 2047 1913 2104 carmi-

1216 2157 1255 2197 ne
1270 2137 1356 2216 epico
1374 2135 1536 2218 descripta.
1560 2137 1699 2197 Viennae
1722 2135 1916 2196 Cosmerovii

1221 2223 1318 2288 1676.
1336 2221 1367 2290 8.

1404 2327 1476 2381 (Sata
1489 2331 1510 2369 et
1523 2328 1602 2379 Scripta
1616 2329 1678 2366 Pras.
1692 2331 1759 2368 Aeeta.
1773 2327 1888 2378 hiatur.)

1220 2530 1554 2594 nmsmcnsrm
1583 2529 1795 2602 Eumenous,
1822 2529 1910 2588 Hun-

429 2659 658 2739 Lothafingjffl,
682 2658 861 2736 'syl-mi„
879 2655 976 2720 1683·
993 2656 1023 2721 8·
1046 2658 1121 2720 car·
1176 2641 1279 2699 garns,
1295 2621 1421 2680 Posonii
1430 2619 1639 2678 illustrissimis
1651 2619 1831 2699 parentibus
1840 2639 1912 2699 pro·

432 2749 512 2810 mine
529 2751 617 2830 epico
633 2757 664 2808 et
685 2747 792 2826 lyrico.

386 2839 479 2899 'Prias
516 2839 662 2899 Virorum
703 2836 873 2896 illustrium
915 2836 953 2898 de
989 2838 1126 2918 Collegio

434 2927 533 2989 Acad.
560 2929 593 2990 S.
611 2928 643 2989 J.
671 2927 809 3006 Tymav.
832 2925 909 2988 bene
940 2930 1126 2990 meritorum.

1182 2712 1302 2790 genitus
1320 2706 1373 2771 18.
1385 2709 1462 2788 Apr.
1471 2706 1567 2770 1634.
1584 2709 1661 2768 etin
1677 2709 1859 2769 Societatem
1870 2729 1919 2768 re·

1183 2810 1290 2880 ceptus
1306 2800 1445 2860 Viennae
1461 2807 1521 2857 aet.
1535 2795 1586 2858 16.
1604 2799 1742 2858 excultus
1759 2797 1918 2858 severiori-

1183 2889 1239 2949 bus
1265 2888 1428 2969 disciplinis
1450 2886 1657 2948 concionator
1676 2888 1806 2968 primum
1826 2887 1919 2947 Vien-

429 3017 595 3098 (Rudolpffi
619 3017 663 3077 ΠΙ
703 3017 791 3096 Imp„
811 3015 959 3078 pamm
979 3017 1070 3079 card·
1096 3029 1128 3080 et
1182 2997 1240 3040 nae
1261 2979 1300 3040 ad
1321 2978 1352 3038 S.
1373 2977 1483 3038 Annae
1499 2987 1532 3036 et
1556 2975 1687 3048 donnini,
1704 2986 1768 3038 tum
1793 2973 1920 3038 Sennis

428 3109 496 3168 Nic.
516 3107 722 3186 Esaterhaay)
754 3105 933 3184 Tyrnaviae
966 3105 1063 3172 1688.
1089 3105 1120 3170 8.

429 3199 502 3258 stilo
525 3197 672 3258 historico
695 3205 728 3256 et
750 3195 882 3256 carmine
900 3196 1010 3276 lyrico.

969 3316 1095 3372 mum-t

430 3445 700 3508 enemente
713 3444 923 3520 samoneos,
940 3445 1120 3522 Germanus,

385 3535 561 3615 Waydhofii
589 3535 620 3592 in
641 3535 768 3593 Austris
798 3543 899 3606 natus,
932 3545 963 3596 et
987 3545 1047 3596 aet.
1066 3533 1118 3600 14.

383 3625 482 3684 Lincii
511 3625 540 3682 in
563 3623 747 3683 Societatem
779 3625 936 3700 admissus,
969 3625 1118 3686 absolutis

384 3711 491 3776 studiis
507 3711 716 3772 Ecclesiasten
739 3721 897 3776 strenuum
920 3735 976 3795 per
1000 3736 1119 3778 omnem

385 3804 479 3864 vitam
494 3803 631 3863 Viennae
659 3803 792 3877 Graeci,
816 3803 966 3879 Passavii,
990 3804 1124 3866 Cremsii

385 3901 417 3954 et
432 3893 463 3952 in
478 3892 615 3972 pluribus
624 3892 802 3972 Hnngariae
821 3895 895 3954 locis
912 3895 987 3974 egit,
1009 3915 1045 3954 ac
1066 3895 1116 3956 de-

385 4003 465 4042 mum
481 3983 590 4044 Leobii
605 3984 655 4062 pie
671 3983 745 4044 obiit
761 3979 814 4046 28.
831 3983 916 4065 Sept.
935 3982 1032 4046 1771.

452 4073 511 4132 Est
534 4074 601 4151 ejus
623 4074 807 4150 germanice:

380 4160 488 4223 Oratio
507 4155 910 4243 panegyrico-eucharistica
926 4165 956 4222 in
972 4163 1115 4224 nativita-

425 4261 456 4310 te
486 4251 616 4331 Josephi
643 4251 712 4311 ΑΛ.
742 4251 893 4333 Principia
922 4253 1115 4314 haereditarii

425 4339 566 4420 Sopronii
585 4341 617 4399 in
631 4342 771 4402 Ecclesia
787 4421 792 4432 Ι
801 4341 967 4422 parochiali
997 4341 1112 4402 habita.

423 4429 490 4490 Ibd.
517 4427 613 4492 1741.
638 4428 670 4492 4.

962 4531 1088 4586 (raama)

420 4663 493 4726 ms
503 4665 759 4728 amnuerunt
789 4665 1007 4734 sennonem,
1039 4659 1115 4720 Ger·

1183 3067 1368 3174 Capelianus
1391 3067 1566 3140 castrensis,
1583 3065 1653 3126 dein
1668 3065 1846 3127 Leobiensis
1862 3067 1918 3126 Se·

1175 3151 1293 3218 muiarii
1303 3157 1440 3238 pluribus
1451 3156 1538 3217 annis
1549 3157 1682 3234 Rogana,
1692 3155 1812 3216 demum
1821 3156 1917 3216 Prae-

1175 3249 1271 3308 fectus
1293 3247 1417 3327 spiritns
1438 3247 1545 3308 Budas
1567 3246 1642 3306 obiit
1659 3243 1711 3308 12.
1729 3245 1792 3306 Jul.
1816 3241 1915 3308 1707.

1176 3347 1236 3398 aet.
1253 3334 1306 3398 67.

1219 3427 1279 3486 Est
1295 3425 1377 3502 ejus:

1174 3513 1297 3576 Ascesis
1308 3515 1472 3592 Ignatiana
1487 3533 1554 3574 cum
1570 3513 1662 3574 variis
1674 3513 1914 3594 precationibus.

1173 3605 1310 3685 Reliquit
1330 3605 1360 3662 in
1381 3604 1456 3663 Msc.
1478 3605 1594 3664 Tomos
1615 3604 1655 3664 V.
1673 3603 1862 3664 Coneionum
1884 3605 1915 3663 in

1218 3693 1394 3754 Dominicas
1411 3701 1442 3754 et
1457 3693 1555 3754 Festa
1571 3693 1666 3754 totins
1684 3693 1764 3754 anni.

1760 3811 1887 3866 (rmum)

1209 4013 1765 4088 humamanaeermann,
1772 4013 1913 4074 Viennae

1171 4103 1316 4165 Austriae
1332 4102 1387 4164 24.
1402 4104 1477 4164 Dec.
1496 4101 1594 4166 1631.
1611 4111 1712 4176 natus,
1733 4111 1764 4162 et
1780 4111 1838 4162 aet.
1858 4099 1912 4164 17.

1171 4195 1318 4256 Societati
1335 4202 1531 4272 aggregatus,
1547 4191 1569 4254 4
1586 4201 1660 4254 vota
1675 4193 1846 4272 professus,
1877 4201 1911 4254 et

1170 4285 1327 4363 utriusque
1343 4282 1496 4342 facultatis
1513 4282 1619 4344 laurea
1629 4291 1766 4354 ornatus,
1782 4283 1813 4342 in
1824 4291 1911 4344 utrm

1169 4393 1227 4453 qne
1252 4373 1392 4431 Viennae
1416 4380 1448 4430 ct
1474 4372 1594 4433 Graecii
1616 4373 1703 4432 annis
1726 4368 1767 4432 17
1794 4371 1910 4432 docuit.

1169 4463 1250 4522 Tum
1265 4461 1360 4520 Lincii
1378 4481 1413 4520 ac
1430 4459 1619 4539 Clagenfurti
1636 4462 1760 4534 Rector,
1777 4471 1809 4521 et
1826 4460 1909 4520 Ocn-

1169 4552 1268 4612 victns
1284 4550 1462 4610 Viennensis
1482 4553 1622 4629 Regens,
1646 4551 1766 4610 demum
1788 4549 1909 4612 acerbis

1170 4641 1282 4722 pedum
1298 4639 1453 4719 doloribus
1469 4641 1522 4700 diu
1538 4641 1666 4700 afflictus
1676 4641 1827 4700 virtutum
1845 4661 1909 4700 om-

375 4773 493 4825 manus,
515 4755 654 4816 Viennae
670 4755 816 4814 Auentino
833 4774 849 4814 0
866 4753 1041 4831 Principum
1059 4750 1112 4809 hu.
1170 4731 1252 4790 nium
1267 4731 1480 4808 religiosarum
1497 4730 1654 4810 exemplar
1674 4730 1810 4809 piissime
1832 4728 1910 4790 obiit

369 4843 422 4919 jus
446 4845 573 4902 nominis
594 4844 705 4904 familia
726 4841 780 4904 22.
801 4843 875 4920 Maji
894 4839 990 4902 1643.
1012 4847 1112 4912 natus,
1166 4821 1263 4880 Llsscll
1278 4819 1332 4885 20·
1354 4820 1428 4880 Jan·
1449 4817 1546 4881 1699.
1564 4829 1625 4878 aet·
1645 4816 1700 4880 68.

373 4932 511 5011 pluribus
522 4935 589 5009 jam
605 4935 730 5014 Imperii
747 4931 982 4992 canonisatihus
999 4929 1110 4988 Passa.
1165 4911 1296 4988 Redegit
1317 4912 1346 4968 in
1372 4909 1591 4988 compendium
1616 4908 1774 4968 Francisci
1804 4908 1907 4968 Suarii

373 5022 477 5096 riensi,
489 5021 684 5083 Olomucenai
697 5031 728 5083 et
738 5021 954 5081 Ratisbonensi
971 5031 1108 5090 ornatus,

372 5123 402 5171 ct
420 5111 458 5170 ad
475 5133 607 5172 summas
623 5113 786 5190 dignitates
797 5110 953 5172 Ecclesiae
969 5110 1108 5186 designa·

1226 5000 1257 5060 S.
1273 4999 1305 5060 J.
1328 5000 1510 5058 Tractatum
1534 4997 1572 5058 de
1587 4997 1758 5076 Religione.

1507 5137 1580 5180 seut·
1593 5143 1612 5176 rt
1627 5136 1706 5186 Scripta
1720 5137 1781 5176 l'rer.
1797 5137 1879 5188 Auis.)
