3948 5946
714 359 961 428 -rst-

78 529 105 588 in
130 527 319 588 Societatem
350 527 499 602 adlectus,
531 527 748 607 Philosophiae
779 547 814 588 ac

79 617 268 696 'lheologiae
285 617 387 678 studia
401 619 528 692 Romae,
552 617 653 678 Dolae
668 627 699 678 et
715 618 814 678 10000-

77 709 116 766 011
133 707 278 782 sbsolvit,
311 715 342 768 01
372 718 495 787 praeter
525 708 658 787 linguam
679 708 812 780 latinam,

76 817 229 877 graecam,
254 797 441 870 hebraicam,
458 797 594 876 gallicae,
612 797 744 869 italicae,
762 818 812 855 an-

76 887 164 964 glicae
181 907 310 966 gnarus,
342 887 486 948 Missione
505 889 536 946 10
557 887 687 948 Scotiam
702 887 814 946 frustra

77 977 183 1056 petita,
216 977 249 1035 in
269 976 460 1036 Provinciam
480 976 672 1036 Austriacam
694 977 813 1050 missus,

78 1066 208 1138 Graecii,
233 1065 286 1124 ubi
301 1066 519 1144 professionem
543 1065 565 1128 4
586 1073 726 1126 votorum
742 1065 813 1125 emi·

76 1157 126 1228 sit,
148 1163 180 1213 et
201 1155 234 1212 in
252 1165 381 1235 unaque
397 1155 542 1216 facultate
558 1155 701 1215 Doctoris
716 1155 813 1233 gradu

75 1245 231 1322 insignitus
249 1255 307 1318 est,
322 1243 551 1325 Philosophiam
575 1255 605 1306 et
625 1244 813 1324 Scriptorum

75 1335 102 1394 S.
129 1335 288 1412 exposuit,
319 1343 351 1394 et
382 1334 596 1395 Serenissimos
627 1333 812 1394 Arcbiduces

75 1423 266 1502 Leopoldum
288 1431 318 1483 et
339 1423 482 1484 Carnium
505 1425 708 1504 posthumum,
739 1423 812 1484 Uni·

75 1513 224 1572 versitatis
249 1513 338 1591 hujus
362 1513 546 1574 Fundatoris
562 1514 643 1573 filios
660 1515 754 1573 sacris
770 1515 811 1573 in·

75 1603 136 1662 iulis
152 1602 341 1676 destinatos,
373 1601 552 1682 theologicis
574 1603 737 1682 disciplinis
760 1604 812 1662 im·

75 1693 141 1764 buit,
156 1691 333 1771 ibidemque
349 1713 416 1751 cum
431 1713 544 1770 magua
558 1693 680 1752 virtutis
698 1693 812 1772 opinio·

74 1801 107 1840 00
122 1781 260 1840 decessit
276 1779 329 1842 19.
346 1782 422 1840 000.
441 1779 539 1844 1609.
557 1793 617 1846 aet.
634 1779 688 1844 37.

135 1869 265 1930 Edidit:

75 1958 373 2032 HistoriaSleidani,
390 1970 510 2020 extersa
525 1959 644 2020 haeresi
663 1960 812 2040 10110110-

113 2069 181 2108 meu
198 2049 336 2108 redacta.
362 2049 457 2109 Το010
474 2051 593 2110 'I'homa
607 2050 767 2110 Demstero
783 2051 813 2110 in

113 2139 281 2218 apparatu
299 2137 338 2198 ad
353 2137 521 2199 Historiam
536 2140 695 2200 Senticam.

76 2227 246 2308 Theologia
265 2227 390 2287 Moralis
422 2227 461 2287 ad
480 2229 713 2289 Instructionem
735 2229 812 2288 Leo-

115 2317 219 2396 poldi,
260 2316 364 2377 Caroli
396 2317 529 2398 Styriaci
558 2319 632 2391 filii,
669 2319 813 2398 Episcopi

115 2408 247 2466 Passav.
388 2403 393 2410 ’

78 2496 205 2576 Reliquit
234 2495 340 2576 praelo
371 2505 475 2575 aptum
500 2497 757 2558 Commentarium
782 2496 812 2556 in

116 2587 242 2659 isaiam,
259 2596 413 2646 servatum
430 2587 560 2647 Graecii.

482 2708 581 2760 (00001
595 2709 675 2746 sas-c
690 2707 785 2759 enni.)

115 2837 250 2900 men
270 2835 469 2896 Fasncrscus
490 2837 591 2908 Xav.‚
623 2836 810 2915 Trausylva-

78 2946 126 2984 000
141 2925 377 3005 Edelenyensis‚
394 2924 447 2987 22.
463 2923 530 2986 001.
550 2923 646 2987 1722.
663 2935 764 2998 00100,
781 2935 812 2986 01

79 3023 131 3074 aet.
147 3013 203 3076 20.
224 3013 409 3074 Societatem
426 3015 599 3095 amplexus,
615 3012 811 3093 40010000-

78 3105 173 3178 fessus,
192 3103 390 3184 Claudiopoli
405 3105 630 3185 Philosophiam
641 3103 810 3166 01000100-

79 3195 189 3254 versias
207 3193 323 3252 docuit.

130 3282 238 3342 Edidit
253 3283 361 3342 latine:

78 3371 180 3432 Thalia
201 3371 352 3450 legitima,
373 3372 439 3432 sive
466 3371 503 3432 de
524 3382 670 3453 tempore,
692 3373 760 3432 loeo
781 3381 813 3432 et

118 3461 256 3540 personis
279 3461 419 3538 religiose
440 3462 608 3521 corrvivinm
630 3461 811 3522 instituenti·

117 3551 181 3610 bus.
227 3549 355 3610 Carmen
395 3551 571 3630 elegiacum.
623 3549 812 3630 Claudiopoli

121 3637 220 3702 1752.
241 3636 292 3700 12.

656 3725 784 3778 (Pslstser.)

117 3817 466 3897 0010100000)
491 3819 668 3891 (innacius,
700 3817 810 3878 00000-

82 3907 140 3968 viac
155 3906 297 3986 pluribus
314 3907 400 3968 anuis
416 3908 611 3968 Rhetoricam
626 3908 735 3981 docuit,
751 3908 810 3966 Bu·

82 3994 130 4056 dse
152 3997 355 4058 Seminarium
377 3999 465 4070 rexit,
496 4007 528 4058 et
559 3997 657 4058 Slavis
688 4016 811 4076 operam

83 4085 259 4164 spiritualem
275 4085 386 4146 diutius
409 4087 562 4166 impendit,
593 4087 726 4168 obiitque
750 4086 812 4146 Bu-

83 4172 131 4234 dse
148 4173 247 4238 1723.
277 4175 385 4234 Edidit
404 4175 500 4237 latine
519 4197 575 4236 sex
603 4175 723 4236 libellos
743 4195 811 4254 gra·

83 4261 190 4338 duales,
208 4285 286 4345 quos
304 4265 401 4325 iuter:

84 4351 199 4432 Septem
219 4353 422 4414 allocutiones
445 4356 592 4415 militares
616 4354 812 4415 Bellidncum.

123 4442 288 4504 Cassoviae
307 4441 405 4505 1694.
425 4443 476 4506 12.

87 4529 170 4610 Virgo
187 4533 325 4612 Deipara
341 4553 380 4592 ex
401 4534 547 4612 praevisis
569 4533 680 4594 Christi
700 4533 813 4592 meritis

125 4623 160 4680 ab
177 4623 317 4700 originali
332 4621 402 4682 labe
417 4633 623 4704 praeservata.
634 4622 702 4682 Ibd.
716 4620 812 4684 1696.

87 4707 191 4770 Pentas
212 4712 422 4791 quaestionum
439 4713 626 4774 curiosarum
647 4712 807 4793 problema·

124 4801 259 4860 ticarnm.
276 4801 500 4863 Leutschoviae
520 4799 617 4864 1607.
635 4799 665 4864 8.

662 4904 788 4958 canan)

126 4995 317 5058 IVAESIGS
334 4997 356 5056 J
359 5015 491 5071 000000,
508 4997 690 5077 Hungarns‚
708 4997 814 5057 Coma·

89 5083 341 5147 tomitanos.
366 5083 463 5149 1722.
484 5097 590 5162 00100,
621 5099 652 5148 01
675 5097 736 5150 aet.
762 5083 814 5148 18.

869 527 1053 587 Societatem
1084 527 1246 606 ingressus,
1278 525 1301 588 4
1330 537 1403 589 vota
1439 532 1602 610 protessus,

869 615 1083 696 Philosophiae
1100 623 1130 675 et
1146 615 1333 696 Theologiae
1349 617 1478 694 Doctor,
1510 627 1604 702 apri·

868 725 917 764 ma
936 707 1067 783 pueritia
1086 706 1196 784 promti
1220 709 1360 786 acutique
1380 709 1491 787 ingenii
1508 715 1602 791 speci·

868 796 948 854 mina
964 794 1062 868 dedit,
1079 795 1287 876 absolutisque
1304 798 1414 858 eximia
1431 819 1496 860 cnm
1513 802 1603 862 laude

868 884 975 943 studiis
994 887 1082 944 tertio
1099 883 1261 966 probatus,
1278 885 1460 948 Comaromii
1475 892 1603 968 primurn

870 993 948 1032 anno
966 995 1025 1033 000
1042 974 1246 1034 concionator
1261 975 1426 1050 festivalis,
1444 989 1506 1038 turn
1522 982 1602 1060 Tyr·

867 1063 975 1122 navias
1006 1062 1135 1124 Cursum
1160 1066 1337 1126 triennalem
1365 1067 1604 1149 philosophicum

868 1151 913 1211 bis
944 1153 1100 1231 persolvit,
1133 1174 1168 1215 ac
1200 1175 1279 1214 anno
1296 1174 1355 1214 uuo
1372 1155 1540 1218 Historiam
1556 1181 1603 1218 sa·

867 1260 948 1300 cram
980 1261 1015 1300 ac
1045 1244 1201 1322 profanam
1216 1245 1375 1324 praelegit.
1408 1245 1502 1307 Sabin
1512 1249 1603 1309 Vien-

867 1349 926 1390 nae
957 1350 1036 1392 suno
1067 1333 1181 1412 pariter
1215 1353 1276 1393 uno
1311 1334 1341 1392 in
1363 1333 1500 1415 Oollegio
1521 1337 1599 1398 Pas-

867 1421 1007 1480 maniano
1031 1421 1213 1483 Olericornm
1235 1422 1450 1502 Hungarorum
1470 1427 1599 1487 Theolo-

866 1510 936 1588 gu‘ae
952 1511 1134 1571 studentium
1150 1512 1324 1572 Praefectus
1342 1514 1474 1594 spiritus,
1492 1525 1554 1590 tpm
1569 1518 1603 1578 in

867 1597 1073 1662 Universisate
1090 1601 1315 1662 vindobonensi
1330 1606 1482 1664 novennio
1499 1606 1599 1666 Theo·

867 1688 966 1766 legiae
982 1689 1167 1767 dogmaticae
1183 1693 1355 1768 Professor;
1372 1696 1532 1770 postremis
1549 1717 1600 1754 ve·

867 1797 901 1836 ro
918 1777 1015 1837 tribus
1032 1779 1191 1840 Societstis
1209 1783 1294 1842 annis
1310 1783 1484 1860 Tyrnaviae
1507 1785 1600 1844 Prae·

867 1867 963 1926 fectus
979 1871 1129 1946 generalis
1144 1870 1310 1931 studiorum
1326 1891 1361 1930 ac
1377 1873 1497 1932 sublato
1514 1872 1601 1934 Ordi-
1653 1881 1656 1888 “

867 1975 906 2016 00
921 1956 1028 2016 Abbas
1044 1959 1186 2019 infulatus
1203 1959 1258 2020 SS.
1276 1961 1432 2020 'Ibinitatis
1455 1963 1484 2021 in
1501 1961 1601 2022 Siklos

868 2055 899 2104 et
928 2045 1084 2108 Ecclesiae
1106 2049 1357 2130 Metropolitanus
1388 2051 1600 2130 Strigonieusis

868 2133 1037 2195 (laconicus
1052 2139 1102 2215 pie
1119 2139 1202 2199 obiit.

927 2224 1032 2285 Edidit
1048 2227 1156 2287 latine:

867 2311 1097 2394 Prosopopeiae
1129 2337 1167 2377 ex
1198 2316 1253 2377 SS.
1279 2319 1405 2378 Litteris
1432 2320 1600 2380 desumtae.

914 2401 1079 2466 Cassovias
1102 2415 1168 2486 typ.
1190 2406 1286 2466 Acad.
1317 2405 1415 2469 1747.
1443 2405 1473 2469 8.
1501 2409 1602 2470 Caum.

913 2493 990 2572 eleg.

867 2581 1027 2643 Elementa
1043 2581 1179 2664 Opticae.
1199 2583 1331 2648 Carmen
1346 2585 1526 2648 didacticum
1541 2589 1602 2669 epi·

912 2691 989 2731 cnm.
1007 2673 1184 2752 Tyrnaviae
1201 2685 1268 2755 typ.
1285 2675 1381 2735 Acad.
1401 2673 1498 2738 1750.
1517 2674 1547 2738 8.

868 2758 973 2820 Oratio
990 2761 1027 2821 (10
1044 2763 1157 2824 SSmae
1173 2764 1307 2843 Virginis
1328 2766 1507 2826 intaminato
1524 2766 1602 2827 000-

912 2859 1013 2929 ceptu.
1030 2853 1204 2932 Tymaviae
1224 2851 1319 2916 1752.
1335 2852 1367 2914 4.

866 2939 1075 3019 Panegyricus
1096 2941 1135 3000 D.
1157 2942 1278 3020 Ignatio
1299 2943 1405 3003 dictus.
1428 2943 1602 3024 Tyrnaviae

867 3117 1036 3180 Universae
1079 3121 1252 3181 hlotheseos
1300 3121 1403 3182 brevis
1444 3122 1601 3183 Institutio

911 3208 1234 3290 theoretico-practica
1254 3231 1292 3270 ex
1309 3209 1460 3291 Operibus
1475 3212 1602 3272 Petrum

913 3297 945 3357 S.
955 3297 987 3358 J.
1004 3300 1140 3360 collecta.
1157 3300 1234 3360 Pars
1244 3300 1270 3359 1.
1287 3302 1488 3380 complectens
1499 3300 1602 3361 Arith-

912 3389 1065 3461 meticam‚
1082 3389 1305 3464 Geometriam,
1322 3391 1604 3469 Trigonomctriam,

913 3477 1134 3552 Meshanieam,
1163 3479 1322 3551 Staticam,
1343 3479 1603 3560 Hydrostaticam,

913 3567 1144 3628 heremeticam.
1176 3570 1351 3648 Tyrnaviae
1375 3567 1472 3631 1752.
1496 3567 1527 3632 8.
1561 3605 1603 3616 -

911 3656 990 3716 Pars
1005 3657 1049 3717 II.
1066 3659 1268 3737 complectens
1285 3656 1433 3737 Opticam,
1450 3659 1602 3739 Catoptri·

911 3763 991 3818 cam,
1012 3748 1210 3827 Dioptricam.
1230 3747 1454 3806 Astronomiam
1485 3783 1528 3794 -
1559 3748 1599 3807 ib.

914 3831 1011 3896 1753.
1034 3835 1112 3895 Pars
1138 3836 1197 3895 111.
1234 3836 1435 3914 complectens
1462 3837 1599 3896 Archite-

914 3926 1063 3983 ctonicam
1091 3925 1206 3984 civilem
1227 3921 1600 4003 etmilitaremAlgebram

911 4022 942 4071 et
958 4014 1155 4092 Horologium
1169 4013 1209 4074 ib.

866 4101 1081 4182 Philosophiae
1098 4103 1177 4162 Pars
1194 4103 1218 4161 I.
1243 4121 1297 4162 sen
1312 4102 1523 4162 Institutiones
1540 4101 1599 4161 Lo-

911 4193 997 4269 gicae
1013 4203 1044 4252 et
1059 4192 1300 4272 Metaphysicse.
1323 4225 1366 4240 ·-
1397 4193 1474 4252 Pars
1490 4191 1533 4252 Il.
1551 4193 1599 4252 In·

912 4283 1082 4342 stitutiones
1112 4283 1266 4361 physicae.
1299 4283 1472 4361 Tyruavise
1502 4279 1599 4344 1757.

917 4368 1013 4445 1758,
1030 4369 1084 4433 59.
1103 4369 1133 4433 8.
1150 4381 1181 4431 01
1196 4373 1273 4432 Pars
1289 4372 1315 4431 1.
1326 4371 1426 4432 denuo
1441 4373 1599 4453 impressa.

987 4582 1061 4634 (00010
1076 4587 1095 4620 st
1109 4583 1188 4633 Scripts
1201 4583 1262 4621 l’rer.
1277 4583 1342 4622 tastr.
1356 4583 1448 4634 flersayl.
1462 4581 1574 4632 l’sistssr.)

913 4729 1016 4791 1vuu
1039 4728 1191 4802 (100οι0,
1223 4729 1462 4807 Transylvanus,
1492 4728 1523 4786 in
1538 4726 1601 4786 Ka·

869 4818 1012 4878 raasebes
1037 4816 1133 4880 1625.
1162 4827 1250 4878 00100
1270 4817 1415 4876 Societati
1437 4815 1602 4876 Casaoviae

870 4908 1050 4986 adscriptus,
1067 4908 1246 4988 Graeciique
1262 4905 1421 4965 altioribus
1437 4905 1609 4985 disciplinis⁴

870 4999 1041 5069 instructus,
1058 4995 1163 5057 40010
1177 4997 1329 5075 protessus
1344 5003 1376 5054 et
1386 4994 1602 5074 Philosophiae

871 5098 902 5146 ct
923 5087 1110 5164 'Pheologiae
1132 5087 1246 5145 Ductor
1270 5084 1351 5143 illam
1376 5083 1543 5144 Caesonine
1571 5093 1602 5144 et
