3990 5950
1033 333 1255 399 —lss—

429 497 544 650 ptpiacis
569 495 710 558 exhibito.
742 495 860 558 Graecii
882 495 993 557 Widm.
1020 494 1117 562 1717.

734 706 806 759 (curu
820 713 841 746 ct
854 708 921 758 seips·
935 708 997 746 Pror-
1012 709 1091 762 ΛιιΙι.)

428 855 720 918 strumenta
744 853 942 914 Fnaacrscus
972 855 1116 927 xlma,

383 944 540 1004 Neostadii
561 944 675 1004 Rhetor
700 945 732 1005 in
755 945 939 1022 provinciam
966 953 1116 1022 receptus,

383 1033 485 1092 audita
516 1034 650 1101 Viennae
674 1033 867 1112 Philosophia
892 1043 922 1094 et
948 1033 1117 1110 Theologia

383 1122 557 1194 Cassoviae,
588 1120 611 1183 4
631 1133 705 1182 vota
730 1124 881 1201 professus
901 1132 932 1182 et
959 1123 1117 1202 utriusque

381 1211 548 1271 Facultatis
564 1211 693 1284 Doctor,
714 1211 879 1272 Oassoviae
893 1211 1116 1291 Philosophiam

383 1295 588 1380 quadriennio,
619 1301 729 1361 ibidem
750 1299 979 1360 Controversias
1002 1311 1033 1361 et
1056 1301 1116 1360 Bu·

382 1389 439 1450 dae
468 1389 565 1450 Casus
591 1390 711 1452 biennio
737 1390 897 1470 praelegit3
928 1400 959 1450 et
989 1390 1028 1450 ab
1059 1391 1117 1450 hoc

1172 507 1306 578 tompore
1322 517 1376 576 per
1393 517 1510 556 omnem
1526 498 1617 557 vitam
1639 498 1669 556 in
1690 497 1851 578 Hungoria
1867 501 1912 559 in·

1172 587 1321 648 defessum
1338 585 1587 647 Concionatorem
1604 587 1756 662 slavicnm,
1789 591 1912 649 Missis·

1171 679 1302 750 narium,
1334 676 1527 736 Oetechetam
1548 685 1579 736 et
1600 675 1780 756 Opererium
1811 699 1912 759 usque

1171 765 1210 826 ad
1225 767 1417 826 abolitionem
1434 764 1555 826 Ordinis
1571 769 1644 844 egit.
1662 765 1745 827 Obiit
1763 764 1865 829 1788.

1238 855 1354 916 Recudi
1377 857 1493 915 curavit
1515 857 1621 916 latine:
1690 849 1700 868 ’

1170 944 1323 1024 Anonymi
1364 945 1456 1005 Belae
1494 947 1588 1023 Regis
1624 947 1742 1004 Notarii
1771 945 1914 1006 Historia

1217 1035 1392 1113 Hungarice
1408 1033 1446 1094 de
1468 1030 1485 1093 7
1504 1036 1606 1114 primis
1628 1035 1764 1094 Ducibus
1780 1037 1913 1114 Hunga·

1216 1125 1279 1184 riae
1294 1145 1332 1183 ex
1348 1125 1424 1183 bisc.
1444 1123 1523 1183 Bibl.
1548 1124 1637 1184 Caes.
1658 1123 1791 1185 Vindob.
1817 1127 1913 1184 Vien-

1217 1235 1275 1274 nae
1294 1210 1391 1275 1746.
1408 1214 1534 1293 primum
1551 1215 1582 1274 in
1602 1215 1698 1274 lucem
1720 1213 1803 1275 data.
1836 1215 1915 1274 Cas·

1218 1305 1321 1362 soviae
1340 1300 1437 1364 1747.
1456 1299 1487 1363 8.

1742 1424 1888 1476 (111-ιι..)

1108 1675 1211 1836 O·

426 2045 565 2106 ῈΔΒΕΒ,
586 2043 768 2115 (1101101111,
795 2041 980 2117 Germanus,
1012 2043 1113 2102 Bava-

382 2152 434 2190 rus
450 2132 607 2192 Aiohcnsis
630 2131 683 2194 31.
701 2132 775 2210 Maji
796 2127 890 2192 1638.
908 2141 999 2192 natus
1011 2141 1041 2191 et
1052 2140 1111 2192 aet.

383 2219 433 2281 19.
467 2222 496 2280 in
521 2223 710 2282 Provinciam
741 2221 932 2280 Austriacam
961 2231 1112 2300 receptus.

380 2311 556 2390 Tyrnaviae
565 2331 601 2370 ac
614 2313 750 2371 Viennae
762 2309 905 2369 aliainter
921 2311 1021 2368 munia
1037 2312 1113 2370 Poe·

382 2400 435 2458 sim
452 2400 799 2472 ctRhetoricamdoouit,
817 2419 853 2458 ac
868 2401 916 2478 pio
933 2399 1113 2458 011111111Βο-

315 2531 316 2534 ¹
382 2509 429 2548 mo
446 2491 582 2567 professa
597 2487 650 2550 29.
667 2488 690 2549 J
693 2488 732 2548 ul.
751 2484 848 2550 1693.
866 2497 926 2547 aet.
943 2485 997 2550 55.

397 2581 400 2590 ’
456 2579 534 2655 Ejus
550 2579 662 2638 latinos

381 2665 463 2726 Fons
476 2687 568 2727 verae
585 2666 757 2746 Sapientiae
779 2665 817 2726 ab
833 2663 1007 2746 Ortosopho
1023 2687 1113 2748 qnae·

425 2757 500 2814 situs
518 2764 548 2815 et
563 2757 702 2815 inventos
723 2756 860 2816 Viennae
879 2753 976 2818 1670.
996 2753 1047 2818 12.

379 2845 525 2904 Lndovici
546 2847 640 2922 Regis
661 2845 838 2924 Hungan'ao
854 2845 896 2905 11.
913 2865 992 2906 mors
1008 2847 1109 2925 inspe-

423 2943 503 3006 rata,
535 2945 675 3013 poemate
692 2933 843 3014 descripta
858 2931 888 2994 8.

384 3023 501 3084 Bivium
522 3025 696 3104 Religionis.

832 3125 957 3179 (aarum.
972 3127 1085 3180 musar.)

424 3271 746 3345 Fundanorum,
778 3271 958 3350 Hungorns,
984 3271 1022 3332 de
1051 3292 1110 3352 qno

379 3379 440 3420 non
457 3360 538 3419 aliud
554 3369 681 3434 constat,
698 3359 983 3440 quaminiquissimis
994 3363 1111 3439 patriae

378 3449 563 3526 temporibus
587 3449 672 3508 simul
695 3468 751 3528 pro
774 3450 918 3509 concione
939 3452 1109 3528 germanice

379 3537 499 3610 dixisse,
516 3547 547 3596 et
563 3537 683 3598 Possim
700 3559 767 3598 cum
789 3538 954 3598 Rhetorica
969 3539 1110 3600 docuisse

379 3627 566 3706 Tymaviae,
582 3627 633 3686 ubi
650 3626 740 3687 edidit
756 3627 861 3688 latine:

380 3716 520 3775 Herculis
538 3715 697 3776 Christiani
713 3717 744 3780 S.
761 3717 915 3776 Francisci
931 3719 1058 3778 Xaverii
1077 3717 1109 3778 S.

425 3805 457 3864 J.
488 3805 640 3866 Indiarum
667 3806 809 3885 Apostoli
834 3817 865 3866 et
891 3807 1112 3887 Thanmeturgi

424 3895 547 3956 labores
568 3895 732 3956 duodecim.
754 3897 929 3976 Tymaviae
960 3894 1058 3959 1664.
1080 3899 1109 3962 8.

958 4015 1083 4068 (aalma.)

421 4162 561 4224 FABER
577 4162 813 4234 Sanasrranus,
840 4163 1002 4222 Lusitanus
1018 4161 1107 4242 Ulys-

377 4251 483 4329 sipons
505 4249 535 4310 8.
558 4253 631 4328 Maji
656 4247 751 4311 1718.
772 4261 860 4312 natus
881 4261 912 4312 et
932 4253 1028 4312 Lincii
1048 4261 1108 4312 est.

375 4337 420 4400 20
441 4341 472 4398 in
504 4339 693 4399 Provinciam
720 4339 911 4402 Austriacom
938 4350 1107 4419 susceptus,

375 4447 411 4488 ao
426 4427 457 4489 4.
475 4438 549 4487 vota
563 4430 724 4508 professus,
737 4428 962 4511 Philosophiam
978 4429 1107 4504 Graecii,

375 4519 425 4578 ubi
442 4527 474 4578 et
490 4519 626 4595 ejusdem
642 4519 758 4579 Doctor
774 4529 902 4592 orestus,
919 4529 950 4580 et
965 4521 1103 4581 Viennae

264 4667 268 4676 ,
374 4609 405 4666 in
422 4606 559 4684 Collegio
576 4608 763 4668 Theresiano
774 4609 885 4668 docuit.
903 4608 1102 4668 11111111-

374 4698 489 4777 perium
506 4697 544 4755 ad
565 4695 676 4758 Castra
696 4697 850 4758 Caesarea
873 4697 1037 4758 Curionum
1058 4717 1104 4758 sa·

374 4807 490 4844 crorum
497 4786 626 4846 Praeses
643 4787 1102 4864 translatusmoromintegrita-

1168 2045 1253 2124 gario
1268 2043 1352 2103 militi
1366 2063 1456 2123 quam
1466 2045 1522 2122 ipsi
1534 2042 1916 2122 HildhnrghnsianoPrin·

1169 2135 1225 2212 cipi
1243 2133 1282 2192 ob
1303 2153 1418 2192 morum
1440 2135 1623 2192 suavitatem
1646 2134 1727 2192 etin
1749 2133 1910 2214 loquendo

1169 2223 1347 2303 agendoque
1373 2219 1561 2300 prudentiam
1583 2221 1660 2282 odeo
1682 2233 1825 2301 acceptus
1854 2245 1908 2282 ac-

1169 2315 1366 2393 stimetusque
1388 2313 1458 2384 fuit,
1484 2321 1517 2370 ut
1540 2311 1587 2371 hio
1611 2331 1678 2370 eum
1703 2314 1845 2372 continuo
1873 2314 1913 2371 a‹l

1169 2423 1301 2462 mensam
1317 2401 1487 2474 adhiberet,
1505 2399 1576 2460 dum
1593 2401 1668 2460 febri
1685 2412 1845 2480 correptus
1864 2404 1910 2460 vi-

1168 2501 1230 2552 tam
1245 2493 1325 2571 piam
1341 2509 1402 2550 non
1418 2489 1467 2569 pie
1483 2491 1579 2549 minus
1595 2490 1740 2549 linivisset
1756 2489 1811 2551 21.
1829 2491 1912 2550 Dec.

1171 2577 1267 2642 1758.
1285 2589 1345 2640 aet.
1362 2576 1416 2641 40.
1434 2579 1610 2658 deploratus
1633 2600 1651 2638 a
1673 2581 1794 2638 summis
1812 2589 1843 2640 et
1868 2581 1913 2640 in-

1167 2671 1253 2744 fimis,
1270 2679 1300 2730 et
1315 2671 1345 2730 in
1362 2669 1466 2728 tumba
1481 2669 1638 2728 Ecclesiae
1655 2669 1687 2729 S.
1705 2667 1736 2728 J.
1754 2669 1906 2729 Bombos-

1167 2781 1225 2838 gae
1241 2760 1387 2838 sepultus

1241 2849 1344 2909 Vertit
1359 2849 1389 2906 in
1405 2847 1623 2925 germanicum:

1165 2937 1239 2998 Vita
1254 2947 1285 2998 et
1298 2957 1378 2998 mors
1395 2937 1472 2998 Jesn
1481 2936 1592 2996 Christi
1610 2935 1677 2998 ex4
1688 2937 1913 3015 Evangelistis,

1211 3048 1248 3087 ex
1264 3027 1416 3108 hispanico
1432 3025 1469 3085 P.
1486 3025 1631 3086 Lndovioi
1649 3025 1686 3086 de
1702 3025 1733 3085 la
1747 3027 1858 3087 Palma
1878 3031 1911 3089 S.

1211 3115 1243 3176 J.
1259 3118 1407 3177 Viennae.
1425 3115 1553 3176 Ghelen.
1574 3112 1670 3177 1755.
1689 3111 1718 3174 8.

1166 3203 1258 3266 Jesns
1273 3208 1304 3265 in
1326 3205 1423 3266 Oroce
1446 3206 1577 3265 moriens
1599 3205 1753 3283 exemplar
1777 3215 1908 3266 sanotae

1212 3297 1330 3370 Mortis,
1348 3317 1386 3355 ex
1403 3294 1699 3374 gallicoP.Tribolet
1715 3295 1746 3354 S.
1762 3293 1794 3354 J.
1811 3295 1911 3356 Vien-

1211 3405 1278 3445 nae.
1295 3384 1461 3444 Kurzbeolr
1480 3380 1577 3445 1756.
1595 3379 1626 3443 8.

1165 3505 1240 3558 (uun
1253 3509 1274 3544 st
1287 3505 1365 3555 script·
1380 3505 1441 3544 Prcv.
1457 3505 1588 3542 tentabat·
1603 3503 1735 3542 tutu-ult.
1750 3505 1774 3542 Τ.
1792 3505 1810 3546 l,
1825 3517 1846 3554 p.
1865 3505 1914 3555 ts.)

1211 3649 1565 3718 rumunnense,
1582 3649 1762 3726 Hungarus,
1780 3649 1912 3710 Leton—

1167 3741 1207 3800 sis
1226 3737 1277 3800 10.
1293 3740 1374 3816 Aug.
1395 3736 1608 3811 1726111111,
1626 3739 1813 3798 Societatem
1831 3741 1911 3800 adiit

1165 3829 1300 3888 Viennae
1320 3826 1416 3893 1743.
1434 3837 1464 3886 01
1480 3827 1629 3886 absolutis
1653 3829 1761 3887 studiis
1783 3826 1805 3888 4
1830 3841 1913 3890 vota

1164 3919 1328 3997 professus,
1344 3919 1483 3976 continuo
1502 3915 1706 3976 Contionator
1726 3925 1758 3976 et
1780 3915 1911 3997 Opera·

1165 4009 1237 4080 rius,
1253 4017 1284 4068 et
1299 4027 1354 4086 per
1369 4006 1472 4085 plnres
1489 4024 1585 4064 annos
1609 4007 1640 4066 in
1661 4006 1788 4066 diversis
1814 4009 1909 4068 Hun-

1165 4098 1268 4174 garise
1293 4097 1368 4154 locis
1394 4096 1618 4168 Missionarius,
1644 4095 1757 4155 abolito
1785 4095 1910 4158 Ordine

1166 4186 1248 4245 obiit.

1242 4273 1347 4334 Edidit
1362 4273 1508 4351 Magister
1524 4272 1634 4332 latine:

1166 4365 1422 4424 Locumtenentes
1458 4361 1636 4439 Hungariee
1671 4362 1728 4422 snb
1763 4363 1910 4444 Regibus

1210 4453 1388 4512 Austriacis.
1406 4451 1573 4511 Cossoviae
1591 4459 1655 4530 typ.
1675 4451 1772 4512 Acad.
1799 4449 1907 4514 1553.

1213 4540 1264 4603 12.
1282 4543 1413 4600 carmine
1430 4541 1573 4618 elegiaco.

1500 4643 1573 4694 (ussto
1587 4647 1605 4681 a
1621 4643 1699 4692 Scripta
1713 4642 1773 4681 ΡΜ.
1788 4643 1877 4696 lustr.)

1203 4789 1384 4852 ramata
1400 4788 1610 4860 Faanurscus,
1627 4787 1789 4867 (Feicher),
1807 4789 1903 4850 Hun-

373 4883 433 4934 tem
451 4895 569 4953 semper
588 4877 789 4936 conservavit.
805 4876 1027 4955 Norimbcrgae
1048 4897 1102 4956 per
1156 4899 1248 4956 garns
1269 4879 1300 4936 in
1321 4877 1489 4938 Koreszttir
1513 4879 1686 4955 provinciae
1699 4877 1901 4956 -Soprcnien-

374 4963 640 5042 Quodrngesimam
651 4966 697 5025 bis
710 4967 740 5024 in
752 4963 942 5025 hebdomada
955 4966 993 5026 ad
1005 4981 1099 5045 popu·
1156 4963 1267 5028 11128.
1285 4965 1354 5026 Oct.
1379 4963 1475 5028 1733.
1497 4975 1595 5039 natus,
1619 4966 1723 5027 Budae
1744 4965 1842 5028 1753.
1867 4971 1903 5029 in

372 5053 432 5113 lum
449 5055 649 5115 maximocnm
656 5053 851 5132 fiuctudixit3
868 5065 1010 5116 tamvero
1031 5076 1097 5134 gre·
1155 5057 1339 5116 Societatem
1356 5065 1505 5136 receptus,
1522 5056 1673 5116 absolutis
1689 5057 1798 5136 insigni
1825 5079 1902 5119 cusu
